"Count","Tradelist Count","Name","Edition","Condition","Language","Foil","Tags","Last Modified","Collector Number","Alter","Proxy","Purchase Price"
"1","1","A Killer Among Us","mkm","Near Mint","English","","","2025-10-09 19:20:29.120000","167","False","False",""
"1","1","A Little Chat","snc","Near Mint","English","","","2024-11-23 20:36:11.870000","47","False","False",""
"1","1","A Realm Reborn","fin","Near Mint","English","","","2025-10-09 19:20:37.343000","344","False","False",""
"3","3","Abandon Hope","tmp","Near Mint","English","","","2025-10-06 06:18:30.797000","107","False","False",""
"1","1","Abandon the Post","mid","Near Mint","English","","","2025-10-11 04:12:57.177000","127","False","False",""
"1","1","Abandon the Post","mid","Near Mint","English","foil","","2024-12-21 22:45:10.243000","127","False","False",""
"1","1","Abandoned Campground","dsk","Near Mint","English","foil","","2024-12-04 05:55:57.733000","255","False","False",""
"1","1","Abandoned Campground","dsk","Near Mint","English","","","2025-10-16 20:57:35.000000","255","False","False",""
"2","2","Abandoned Sarcophagus","hou","Near Mint","English","","","2025-10-04 00:29:44.357000","158","False","False",""
"1","1","Abattoir Ghoul","ddq","Near Mint","English","","","2025-10-06 06:19:47.603000","50","False","False",""
"1","1","Abattoir Ghoul","isd","Near Mint","English","","","2025-10-06 06:19:28.877000","85","False","False",""
"3","3","Abduction","wth","Near Mint","English","","","2025-10-08 03:34:19.897000","30","False","False",""
"1","1","Aberrant Researcher // Perfected Form","inr","Near Mint","English","foil","","2025-10-08 03:34:37.297000","52","False","False",""
"1","1","Abhorrent Oculus","dsk","Near Mint","English","","","2025-10-08 03:35:08.557000","344","False","False",""
"1","1","Abhorrent Oculus","dsk","Near Mint","English","foil","","2025-01-29 01:31:40.367000","344","False","False",""
"1","1","Abhorrent Overlord","ths","Near Mint","English","","","2024-11-29 19:41:23.877000","75","False","False",""
"4","4","Abjure","wth","Near Mint","English","","","2025-10-08 03:36:10.880000","31","False","False",""
"1","1","Abolish","plst","Near Mint","English","","","2025-08-18 23:37:38.453000","PCY-1","False","False",""
"3","3","Abomination of Gudul","ktk","Near Mint","English","","","2025-10-17 04:39:41.973000","159","False","False",""
"1","1","Abrade","plst","Near Mint","English","","","2025-10-11 04:13:33.007000","2XM-114","False","False",""
"1","1","Abrade","fdn","Near Mint","English","foil","","2024-12-07 15:53:34.173000","327","False","False",""
"1","1","Abrade","inr","Near Mint","English","foil","","2025-10-11 04:13:42.677000","139","False","False",""
"1","1","Abrade","sld","Near Mint","English","foil","","2025-10-21 16:11:40.030000","2179","False","False",""
"2","2","Abraded Bluffs","otj","Near Mint","English","","","2025-10-17 02:26:32.693000","251","False","False",""
"1","1","Absolute Virtue","fin","Near Mint","English","","","2025-10-16 20:58:07.037000","212","False","False",""
"1","1","Absolving Lammasu","mkm","Near Mint","English","","","2025-10-13 18:47:30.980000","2","False","False",""
"2","2","Abstruse Interference","ogw","Near Mint","English","","","2025-10-08 03:36:39.947000","40","False","False",""
"1","1","Abundance","usg","Near Mint","English","","","2025-10-09 19:20:59.157000","229","False","False",""
"1","1","Abundant Growth","inr","Near Mint","English","foil","","2025-10-09 19:21:29.760000","184","False","False",""
"1","1","Abundant Growth","inr","Near Mint","English","","","2025-10-09 19:21:22.683000","315","False","False",""
"2","2","Abundant Growth","inr","Near Mint","English","","","2025-10-09 19:21:38.693000","406","False","False",""
"1","1","Abundant Maw","inr","Near Mint","English","","","2025-10-06 06:21:12.440000","329","False","False",""
"2","2","Abundant Maw","inr","Near Mint","English","foil","","2025-10-06 06:21:24.083000","1","False","False",""
"3","3","Abyssal Gatekeeper","wth","Near Mint","English","","","2025-10-06 06:23:35.373000","59","False","False",""
"2","2","Abyssal Harvester","fdn","Near Mint","English","foil","","2025-10-06 06:24:03.797000","54","False","False",""
"1","1","Abyssal Harvester","fdn","Near Mint","English","","","2024-12-07 21:13:56.293000","458","False","False",""
"2","2","Abyssal Harvester","fdn","Near Mint","English","","","2025-10-06 06:24:09.077000","54","False","False",""
"1","1","Abyssal Hunter","mir","Near Mint","English","","","2024-11-29 19:42:55.147000","103","False","False",""
"1","1","Abyssal Specter","5ed","Near Mint","English","","","2024-12-04 17:22:22.813000","139","False","False",""
"1","1","Abzan Banner","ktk","Near Mint","English","","","2024-12-03 18:15:19.003000","215","False","False",""
"1","1","Abzan Beastmaster","frf","Near Mint","English","","","2024-11-29 18:58:41.103000","119","False","False",""
"1","1","Abzan Charm","ktk","Near Mint","English","","","2024-12-03 18:15:46.327000","161","False","False",""
"1","1","Abzan Devotee","tdm","Near Mint","English","","","2025-10-17 05:14:18.760000","68","False","False",""
"1","1","Abzan Falconer","ktk","Near Mint","English","","","2024-11-30 00:20:39.800000","2","False","False",""
"1","1","Abzan Guide","ktk","Near Mint","English","","","2025-10-17 05:14:32.287000","162","False","False",""
"1","1","Abzan Guide","ktk","Near Mint","English","foil","","2024-12-03 18:15:01.813000","162","False","False",""
"1","1","Abzan Monument","tdm","Near Mint","English","","","2025-10-17 05:14:57.757000","238","False","False",""
"1","1","Abzan Runemark","frf","Near Mint","English","","","2024-12-07 02:35:18.523000","3","False","False",""
"2","2","Abzan Skycaptain","frf","Near Mint","English","","","2025-10-13 18:48:10.503000","4","False","False",""
"2","2","Academy Drake","dom","Near Mint","English","","","2025-10-08 03:36:50.177000","40","False","False",""
"1","1","Academy Elite","cns","Near Mint","English","","","2024-12-05 01:42:57.453000","20","False","False",""
"3","3","Academy Journeymage","dom","Near Mint","English","","","2025-10-08 03:37:17.900000","41","False","False",""
"1","1","Academy Manufactor","otc","Near Mint","English","","","2025-10-04 00:29:31.757000","251","False","False",""
"1","1","Academy Manufactor","moc","Near Mint","English","","","2025-10-04 00:29:56.340000","346","False","False",""
"1","1","Academy Manufactor","mh2","Near Mint","English","","","2025-10-04 04:25:49.090000","469","False","False",""
"1","1","Academy Raider","m14","Near Mint","English","","","2024-12-06 04:41:47.873000","124","False","False",""
"1","1","Acclaimed Contender","eld","Near Mint","English","","","2024-12-06 22:05:16.073000","1","False","False",""
"1","1","Accomplished Automaton","kld","Near Mint","English","","","2024-12-03 19:06:31.440000","191","False","False",""
"2","2","Accorder's Shield","m14","Near Mint","English","","","2025-10-04 00:31:10.447000","204","False","False",""
"1","1","Accursed Duneyard","drc","Near Mint","English","","","2025-10-04 01:17:14.737000","36","False","False",""
"1","1","Accursed Horde","hou","Near Mint","English","","","2024-12-04 17:22:41.133000","56","False","False",""
"1","1","Accursed Marauder","mh3","Near Mint","English","","","2024-12-08 18:32:34.320000","80","False","False",""
"2","2","Accursed Spirit","m15","Near Mint","English","","","2025-10-06 06:26:16.297000","85","False","False",""
"2","2","Accursed Spirit","m14","Near Mint","English","","","2025-10-06 06:26:21.313000","83","False","False",""
"1","1","Accursed Spirit","m15","Near Mint","English","foil","","2025-10-06 06:27:18.297000","85","False","False",""
"1","1","Ace, Fearless Rebel","who","Near Mint","English","","","2024-12-08 17:43:56.290000","98","False","False",""
"1","1","Ace's Baseball Bat","who","Near Mint","English","","","2024-12-08 17:51:48.957000","170","False","False",""
"1","1","Acidic Dagger","mir","Near Mint","English","","","2024-12-04 00:36:17.577000","291","False","False",""
"1","1","Acidic Slime","sld","Near Mint","English","","","2025-10-09 19:22:25.027000","134","False","False",""
"1","1","Acidic Slime","m12","Near Mint","English","","","2025-10-09 19:22:36.393000","161","False","False",""
"4","4","Acidic Sliver","sth","Near Mint","English","","","2025-10-15 21:56:56.157000","126","False","False",""
"1","1","Acolyte's Reward","bng","Near Mint","English","foil","","2024-12-07 04:07:27.050000","1","False","False",""
"1","1","Acquisition Octopus","plst","Near Mint","English","","","2025-10-08 03:38:00.697000","NEO-44","False","False",""
"1","1","Acrobatic Cheerleader","dsk","Near Mint","English","foil","","2024-12-06 22:05:38.840000","1","False","False",""
"5","5","Acrobatic Cheerleader","dsk","Near Mint","English","","","2025-10-13 18:49:34.450000","1","False","False",""
"3","3","Acrobatic Maneuver","kld","Near Mint","English","","","2025-10-13 18:50:57.157000","1","False","False",""
"5","5","Act of Treason","gtc","Near Mint","English","","","2025-10-11 04:15:49.703000","85","False","False",""
"1","1","Act of Treason","m12","Near Mint","English","","","2025-10-11 04:15:55.147000","121","False","False",""
"1","1","Act of Treason","jmp","Near Mint","English","","","2025-10-11 04:16:01.900000","289","False","False",""
"1","1","Act of Treason","m14","Near Mint","English","","","2024-12-06 19:37:18.967000","125","False","False",""
"1","1","Active Volcano","chr","Near Mint","English","","","2024-12-06 17:36:37.220000","43","False","False",""
"1","1","Adamant Will","dom","Near Mint","English","","","2024-12-07 04:07:51.620000","2","False","False",""
"1","1","Adanto Vanguard","xln","Near Mint","English","","","2024-11-29 18:50:52.757000","1","False","False",""
"1","1","Adaptive Automaton","brr","Near Mint","English","","","2024-12-08 03:14:43.247000","64","False","False",""
"6","6","Adaptive Snapjaw","gtc","Near Mint","English","","","2025-10-09 19:23:07.170000","113","False","False",""
"2","2","Adaptive Sporesinger","one","Near Mint","English","","","2025-10-09 19:24:25.157000","157","False","False",""
"3","3","Adarkar Sentinel","ice","Near Mint","English","","","2025-10-04 01:19:40.830000","306","False","False",""
"1","1","Adarkar Wastes","blc","Near Mint","English","","","2025-09-23 04:30:02.820000","291","False","False",""
"1","1","Adelbert Steiner","fin","Near Mint","English","","","2025-10-13 18:51:49.170000","422","False","False",""
"2","2","Adelbert Steiner","fin","Near Mint","English","","","2025-10-13 18:51:59.930000","3","False","False",""
"1","1","Adeline, Resplendent Cathar","mid","Near Mint","English","foil","","2025-10-13 18:57:38.343000","1","False","False",""
"1","1","Adeline, Resplendent Cathar","mid","Near Mint","English","","","2025-10-13 18:57:27.593000","312","False","False",""
"1","1","Adeline, Resplendent Cathar","j25","Near Mint","English","","","2025-10-13 18:58:00.040000","57","False","False",""
"1","1","Adeliz, the Cinder Wind","dom","Near Mint","English","","","2024-12-04 07:42:49.240000","190","False","False",""
"1","1","Adorned Pouncer","hou","Near Mint","English","","","2024-11-29 18:33:22.327000","2","False","False",""
"1","1","Adrenaline Jockey","dft","Near Mint","English","foil","","2025-10-11 04:17:01.703000","112","False","False",""
"1","1","Adric, Mathematical Genius","who","Near Mint","English","","","2024-12-08 17:42:17.230000","33","False","False",""
"7","7","Advance Scout","tmp","Near Mint","English","","","2025-10-13 18:58:43.657000","1","False","False",""
"1","1","Advent of the Wurm","dgm","Near Mint","English","","","2024-12-04 16:47:07.120000","51","False","False",""
"5","5","Adventure Awaits","znr","Near Mint","English","","","2025-10-09 19:24:56.343000","177","False","False",""
"1","1","Adventurer's Airship","fin","Near Mint","English","","","2025-10-04 03:37:50.777000","252","False","False",""
"6","6","Adventurer's Inn","fin","Near Mint","English","","","2025-10-04 03:53:48.670000","271","False","False",""
"1","1","Adventuring Gear","fdn","Near Mint","English","","","2025-10-04 21:35:38.277000","249","False","False",""
"1","1","Adventuring Gear","fdn","Near Mint","English","foil","","2024-12-07 21:38:21.547000","249","False","False",""
"2","2","Adventurous Impulse","dom","Near Mint","English","","","2025-10-09 19:25:22.913000","153","False","False",""
"2","2","Advocate of the Beast","m14","Near Mint","English","","","2025-10-09 19:25:34.497000","164","False","False",""
"1","1","Aegar, the Freezing Flame","khm","Near Mint","English","","","2024-12-04 07:43:35.883000","200","False","False",""
"1","1","Aegar, the Freezing Flame","khm","Near Mint","English","","","2024-12-04 07:43:13.740000","321","False","False",""
"1","1","Aegis Angel","w16","Near Mint","English","","","2024-11-29 18:44:01.597000","1","False","False",""
"5","5","Aegis Automaton","aer","Near Mint","English","","","2025-10-13 18:59:40.903000","141","False","False",""
"1","1","Aegis Sculptor","tdm","Near Mint","English","foil","","2025-10-08 03:38:49.307000","35","False","False",""
"1","1","Aegis Turtle","fdn","Near Mint","English","foil","","2025-10-08 03:39:07.823000","150","False","False",""
"1","1","Aegis Turtle","fdn","Near Mint","English","","","2025-10-08 03:39:15.313000","150","False","False",""
"1","1","Aerial Formation","jou","Near Mint","English","","","2024-12-05 17:13:08.153000","30","False","False",""
"1","1","Aerial Guide","j25","Near Mint","English","","","2024-12-07 19:53:01.410000","282","False","False",""
"5","5","Aerial Maneuver","gtc","Near Mint","English","","","2025-10-13 19:00:07.490000","1","False","False",""
"2","2","Aerial Maneuver","gtc","Near Mint","English","foil","","2025-10-13 19:00:24.220000","1","False","False",""
"1","1","Aerial Modification","aer","Near Mint","English","","","2024-12-07 02:35:27.310000","1","False","False",""
"1","1","Aerie Bowmasters","dtk","Near Mint","English","","","2025-10-09 19:25:55.887000","170","False","False",""
"1","1","Aerie Worshippers","bng","Near Mint","English","","","2024-11-29 19:25:48.197000","30","False","False",""
"2","2","Aerith Rescue Mission","fin","Near Mint","English","","","2025-10-13 19:01:09.670000","5","False","False",""
"1","1","Aerith Rescue Mission","fin","Near Mint","English","foil","","2025-10-13 19:01:15.177000","5","False","False",""
"1","1","Aerith, Last Ancient","fic","Near Mint","English","","","2025-10-17 00:20:40.027000","76","False","False",""
"2","2","Aeronaut Admiral","aer","Near Mint","English","","","2025-10-13 19:01:56.753000","2","False","False",""
"1","1","Aeronaut Cavalry","bro","Near Mint","English","","","2024-12-06 22:06:20.333000","1","False","False",""
"4","4","Aeronaut Tinkerer","m15","Near Mint","English","","","2025-10-08 03:41:07.713000","43","False","False",""
"2","2","Aeronaut's Wings","bro","Near Mint","English","","","2025-10-04 03:54:34.830000","231","False","False",""
"1","1","Aesthir Glider","dom","Near Mint","English","","","2024-12-03 19:07:35.213000","209","False","False",""
"3","3","Aether Adept","m12","Near Mint","English","","","2025-10-08 03:41:48.353000","41","False","False",""
"1","1","Aether Channeler","blc","Near Mint","English","","","2025-09-23 04:30:02.820000","160","False","False",""
"3","3","Aether Chaser","aer","Near Mint","English","","","2025-10-11 04:17:48.757000","76","False","False",""
"2","2","Aether Flash","wth","Near Mint","English","","","2025-10-11 04:18:44.710000","88","False","False",""
"2","2","Aether Flash","6ed","Near Mint","English","","","2025-10-11 04:18:48.730000","163","False","False",""
"3","3","Aether Herder","aer","Near Mint","English","","","2025-10-09 19:26:13.363000","102","False","False",""
"1","1","Aether Hub","kld","Near Mint","English","","","2024-12-03 18:39:24.107000","242","False","False",""
"4","4","Aether Inspector","aer","Near Mint","English","","","2025-10-13 19:02:32.737000","3","False","False",""
"1","1","Aether Meltdown","kld","Near Mint","English","","","2024-12-05 16:34:10.387000","36","False","False",""
"1","1","Aether Poisoner","aer","Near Mint","English","","","2024-12-04 17:25:07.353000","51","False","False",""
"1","1","Aether Spike","mh3","Near Mint","English","","","2025-10-08 03:42:17.900000","50","False","False",""
"1","1","Aether Storm","hml","Near Mint","English","","","2024-12-05 06:04:36.170000","21","False","False",""
"1","1","Aether Storm","5ed","Near Mint","English","","","2025-10-08 04:25:00.740000","70","False","False",""
"3","3","Aether Swooper","aer","Near Mint","English","","","2025-10-08 03:42:59.593000","26","False","False",""
"1","1","Aether Syphon","dft","Near Mint","English","foil","","2025-10-08 03:43:17.303000","38","False","False",""
"1","1","Aether Theorist","kld","Near Mint","English","","","2024-12-05 01:44:30.653000","37","False","False",""
"2","2","Aether Tide","exo","Near Mint","English","","","2025-10-08 03:43:36.077000","27","False","False",""
"1","1","Aether Tradewinds","cns","Near Mint","English","","","2025-10-08 03:44:48.750000","89","False","False",""
"1","1","Aether Tradewinds","wwk","Near Mint","English","","","2025-10-08 03:45:01.217000","24","False","False",""
"3","3","Aether Tradewinds","kld","Near Mint","English","","","2025-10-08 03:44:55.347000","38","False","False",""
"1","1","Aetherborn Marauder","kld","Near Mint","English","","","2025-10-06 06:28:37.700000","71","False","False",""
"1","1","Aetherborn Marauder","otc","Near Mint","English","","","2024-12-04 17:24:44.897000","125","False","False",""
"1","1","Aetherflux Conduit","drc","Near Mint","English","","","2025-10-04 04:10:39.730000","33","False","False",""
"1","1","Aetherflux Reservoir","kld","Near Mint","English","","","2025-02-09 16:38:25.360000","192","False","False",""
"1","1","Aetheric Amplifier","drc","Near Mint","English","","","2025-10-04 04:11:58.987000","34","False","False",""
"4","4","Aetherize","gtc","Near Mint","English","","","2025-10-08 05:30:48.607000","29","False","False",""
"1","1","Aetherize","blc","Near Mint","English","","","2025-10-08 03:47:34.103000","161","False","False",""
"1","1","Aetherize","gtc","Near Mint","English","foil","","2024-11-29 19:21:36.010000","29","False","False",""
"1","1","Aetherjacket","dft","Near Mint","English","","","2025-10-04 04:12:24.393000","230","False","False",""
"1","1","Aethersnipe","lrw","Near Mint","English","","","2024-11-29 19:51:41.480000","50","False","False",""
"1","1","Aethersphere Harvester","aer","Near Mint","English","","","2024-12-04 02:04:04.520000","142","False","False",""
"1","1","Aetherspouts","m15","Near Mint","English","","","2024-11-29 17:29:09.837000","44","False","False",""
"1","1","Aethersquall Ancient","kld","Near Mint","English","","","2024-12-05 01:44:01.820000","39","False","False",""
"1","1","Aetherstorm Roc","kld","Near Mint","English","","","2024-12-06 22:06:41.840000","3","False","False",""
"2","2","Aetherstream Leopard","aer","Near Mint","English","","","2025-10-09 19:27:21.763000","103","False","False",""
"1","1","Aethertorch Renegade","kld","Near Mint","English","","","2024-12-06 04:42:16.897000","106","False","False",""
"1","1","Aetherwind Basker","aer","Near Mint","English","","","2024-12-05 21:45:03.640000","104","False","False",""
"1","1","Affa Guard Hound","jmp","Near Mint","English","","","2024-12-06 22:06:53.293000","81","False","False",""
"1","1","Affa Protector","ogw","Near Mint","English","","","2024-12-06 22:07:02.513000","14","False","False",""
"1","1","Affectionate Indrik","fdn","Near Mint","English","","","2025-10-09 19:28:24.997000","211","False","False",""
"1","1","Affectionate Indrik","jmp","Near Mint","English","","","2025-10-09 19:28:29.673000","373","False","False",""
"2","2","Afflicted Deserter // Werewolf Ransacker","dka","Near Mint","English","","","2025-10-11 04:19:59.140000","81","False","False",""
"1","1","Afterlife","mir","Near Mint","English","","","2024-12-07 04:08:32.650000","1","False","False",""
"3","3","Aftershock","tmp","Near Mint","English","","","2025-10-11 04:20:23.053000","160","False","False",""
"3","3","Agate Assault","blb","Near Mint","English","foil","","2025-10-11 04:21:16.197000","122","False","False",""
"1","1","Agate Assault","blb","Near Mint","English","","","2025-10-11 04:21:00.567000","122","False","False",""
"1","1","Agate Instigator","blc","Near Mint","English","","","2025-01-29 05:50:39.060000","56","False","False",""
"1","1","Agate Instigator","blc","Near Mint","English","","","2025-10-11 04:22:29.273000","21","False","False",""
"1","1","Agency Coroner","mkm","Near Mint","English","","","2025-10-06 06:37:43.740000","75","False","False",""
"2","2","Agency Outfitter","mkm","Near Mint","English","","","2025-10-08 04:16:47.403000","38","False","False",""
"1","1","Agent of Acquisitions","cns","Near Mint","English","","","2024-12-03 19:07:57.070000","54","False","False",""
"1","1","Agent of Erebos","jou","Near Mint","English","","","2024-12-04 20:35:58.203000","59","False","False",""
"1","1","Agent of the Fates","ths","Near Mint","English","","","2024-12-04 17:25:22.813000","76","False","False",""
"2","2","Agent of Treachery","sld","Near Mint","English","foil","","2025-10-08 04:18:17.007000","2005","False","False",""
"3","3","Aggression","ice","Near Mint","English","","","2025-10-11 04:27:55.083000","169","False","False",""
"1","1","Aggressive Urge","jmp","Near Mint","English","","","2024-12-06 02:32:11.910000","374","False","False",""
"3","3","Aggressive Urge","rix","Near Mint","English","","","2025-10-09 19:31:12.560000","122","False","False",""
"4","4","Agility","mir","Near Mint","English","","","2025-10-11 04:28:22.510000","154","False","False",""
"1","1","Agonasaur Rex","dft","Near Mint","English","foil","","2025-10-09 19:31:35.913000","343","False","False",""
"4","4","Agoraphobia","gtc","Near Mint","English","","","2025-10-08 04:18:39.857000","30","False","False",""
"1","1","Ahn-Crop Champion","akh","Near Mint","English","","","2024-12-04 16:33:10.070000","194","False","False",""
"4","4","Ahriman","fin","Near Mint","English","","","2025-10-06 06:38:48.173000","87","False","False",""
"1","1","Ahriman","fin","Near Mint","English","foil","","2025-10-06 06:38:08.837000","87","False","False",""
"4","4","Aid from the Cowl","aer","Near Mint","English","","","2025-10-09 19:32:20.047000","105","False","False",""
"1","1","Aid from the Cowl","moc","Near Mint","English","","","2025-10-09 19:32:25.537000","290","False","False",""
"1","1","Aim High","inr","Near Mint","English","foil","","2025-10-09 19:34:28.293000","185","False","False",""
"1","1","Ainok Artillerist","dtk","Near Mint","English","","","2024-12-05 21:45:40.660000","171","False","False",""
"1","1","Ainok Bond-Kin","ktk","Near Mint","English","","","2024-11-30 00:31:52.827000","3","False","False",""
"1","1","Ainok Guide","frf","Near Mint","English","","","2024-12-05 21:45:56.260000","121","False","False",""
"1","1","Ainok Survivalist","dtk","Near Mint","English","","","2024-12-05 21:47:47.353000","172","False","False",""
"1","1","Ainok Tracker","ktk","Near Mint","English","","","2024-12-06 04:42:40.197000","96","False","False",""
"2","2","Air Marshal","bro","Near Mint","English","","","2025-10-08 04:19:24.957000","43","False","False",""
"2","2","Air Response Unit","dft","Near Mint","English","","","2025-10-13 19:05:15.567000","292","False","False",""
"1","1","Air Response Unit","dft","Near Mint","English","foil","","2025-10-13 19:05:23.217000","292","False","False",""
"2","2","Air Servant","m14","Near Mint","English","","","2025-10-08 04:19:47.273000","42","False","False",""
"2","2","Airlift Chaplain","bro","Near Mint","English","","","2025-10-13 19:05:36.353000","2","False","False",""
"4","4","Airship Crash","fin","Near Mint","English","","","2025-10-09 19:35:04.857000","171","False","False",""
"3","3","Airtight Alibi","mkm","Near Mint","English","","","2025-10-09 19:35:44.327000","149","False","False",""
"1","1","Ajani, Caller of the Pride","fdn","Near Mint","English","","","2025-10-13 19:07:17.937000","134","False","False",""
"1","1","Ajani, Caller of the Pride","fdn","Near Mint","English","foil","","2024-12-07 07:37:37.880000","134","False","False",""
"1","1","Ajani's Chosen","m14","Near Mint","English","","","2024-12-06 22:09:17.113000","2","False","False",""
"2","2","Ajani's Presence","jou","Near Mint","English","","","2025-10-13 19:07:43.200000","2","False","False",""
"2","2","Ajani's Pridemate","m15","Near Mint","English","","","2025-10-13 19:08:34.723000","2","False","False",""
"1","1","Ajani's Pridemate","fdn","Near Mint","English","","","2025-10-13 19:08:29.783000","135","False","False",""
"2","2","Ajani's Pridemate","fdn","Near Mint","English","foil","","2025-10-13 19:08:17.250000","293","False","False",""
"1","1","Ajani's Sunstriker","m13","Near Mint","English","","","2024-12-06 22:09:52.493000","2","False","False",""
"2","2","Akoum Hellhound","znr","Near Mint","English","","","2025-10-11 04:29:27.177000","133","False","False",""
"1","1","Akoum Hellhound","znr","Near Mint","English","","","2024-12-06 04:43:08.933000","299","False","False",""
"1","1","Akoum Hellkite","scd","Near Mint","English","","","2024-11-29 18:21:11.383000","123","False","False",""
"1","1","Akoum Refuge","zen","Near Mint","English","","","2024-12-03 00:25:13.773000","210","False","False",""
"1","1","Akoum Warrior // Akoum Teeth","znr","Near Mint","English","","","2024-12-06 04:43:23.210000","134","False","False",""
"1","1","Akroan Conscriptor","bng","Near Mint","English","","","2024-12-06 04:43:36.567000","87","False","False",""
"2","2","Akroan Mastiff","jou","Near Mint","English","","","2025-10-13 19:08:50.397000","3","False","False",""
"4","4","Akroan Phalanx","bng","Near Mint","English","","","2025-10-17 02:27:12.987000","2","False","False",""
"7","7","Akroan Skyguard","bng","Near Mint","English","","","2025-10-13 19:09:08.407000","3","False","False",""
"1","1","Akroma's Memorial","spg","Near Mint","English","foil","","2025-10-04 04:26:03.000000","81","False","False",""
"1","1","Akroma's Vengeance","cmd","Near Mint","English","","","2024-12-03 16:10:46.657000","3","False","False",""
"2","2","Al Bhed Salvagers","fin","Near Mint","English","foil","","2025-10-06 06:39:31.790000","88","False","False",""
"2","2","Alabaster Kirin","ktk","Near Mint","English","","","2025-10-13 19:09:34.003000","4","False","False",""
"1","1","Alabaster Mage","m12","Near Mint","English","","","2024-12-06 22:10:52.033000","2","False","False",""
"1","1","Alabaster Potion","5ed","Near Mint","English","","","2024-12-07 04:08:59.693000","3","False","False",""
"1","1","Alacrian Armory","dft","Near Mint","English","","","2025-10-13 19:10:25.177000","2","False","False",""
"1","1","Alacrian Armory","dft","Near Mint","English","foil","","2025-10-13 19:10:18.203000","2","False","False",""
"1","1","Alacrian Jaguar","dft","Near Mint","English","foil","","2025-10-09 19:36:18.637000","152","False","False",""
"3","3","Alacrian Jaguar","dft","Near Mint","English","","","2025-10-09 19:36:28.300000","152","False","False",""
"2","2","Alania's Pathmaker","blb","Near Mint","English","foil","","2025-10-11 04:31:24.813000","123","False","False",""
"3","3","Alarum","mir","Near Mint","English","","","2025-10-13 19:10:42.417000","2","False","False",""
"1","1","Alchemax Slayer-Bots","spe","Near Mint","English","foil","","2025-10-12 00:39:34.653000","5","False","False",""
"1","1","Alchemist's Gift","j25","Near Mint","English","","","2024-12-07 20:35:21.670000","397","False","False",""
"1","1","Alchemist's Greeting","inr","Near Mint","English","","","2025-10-11 04:32:28.637000","393","False","False",""
"1","1","Alchemist's Greeting","inr","Near Mint","English","foil","","2025-10-11 04:32:11.793000","140","False","False",""
"1","1","Alchemist's Talent","blc","Near Mint","English","","","2024-12-03 00:17:05.220000","22","False","False",""
"1","1","Aleatory","mir","Near Mint","English","","","2024-12-06 17:36:52.520000","155","False","False",""
"1","1","Alesha, Who Laughs at Fate","fdn","Near Mint","English","","","2025-10-15 21:57:24.077000","476","False","False",""
"1","1","Alesha, Who Laughs at Fate","fdn","Near Mint","English","","","2025-10-15 21:57:52.550000","115","False","False",""
"1","1","Alesha, Who Smiles at Death","frf","Near Mint","English","","","2024-12-03 17:55:03.560000","90","False","False",""
"1","1","Alesha's Legacy","tdm","Near Mint","English","foil","","2025-10-06 06:40:26.770000","72","False","False",""
"1","1","Alesha's Vanguard","frf","Near Mint","English","","","2025-10-06 06:40:47.147000","60","False","False",""
"1","1","Aliban's Tower","hml","Near Mint","English","","","2024-12-06 17:37:01.177000","61a","False","False",""
"1","1","Alien Symbiosis","spm","Near Mint","English","foil","","2025-10-12 00:28:22.467000","50","False","False",""
"1","1","Alisaie Leveilleur","fic","Near Mint","English","","","2025-10-13 19:11:03.957000","9","False","False",""
"1","1","Alistair, the Brigadier","who","Near Mint","English","","","2024-12-08 17:45:17.187000","112","False","False",""
"1","1","Alive // Well","dgm","Near Mint","English","","","2024-12-04 16:48:33.777000","121","False","False",""
"1","1","All Will Be One","sld","Near Mint","English","foil","","2025-10-11 04:33:54.853000","1888","False","False",""
"1","1","Allay","exo","Near Mint","English","","","2024-11-29 18:49:18.227000","1","False","False",""
"1","1","Alley Assailant","mkm","Near Mint","English","","","2025-10-06 06:41:12.243000","76","False","False",""
"1","1","Alley Assailant","mkm","Near Mint","English","foil","","2025-10-06 06:41:03.917000","76","False","False",""
"3","3","Alley Evasion","aer","Near Mint","English","","","2025-10-13 19:11:31.010000","6","False","False",""
"4","4","Alley Strangler","aer","Near Mint","English","","","2025-10-06 06:42:12.600000","52","False","False",""
"1","1","All-Fates Stalker","eoe","Near Mint","English","foil","","2025-08-18 23:37:38.453000","3","False","False",""
"1","1","Allied Reinforcements","ogw","Near Mint","English","","","2024-12-07 05:17:46.233000","15","False","False",""
"1","1","Alluring Suitor // Deadly Dancer","vow","Near Mint","English","","","2025-10-11 04:34:33.257000","300","False","False",""
"4","4","Alms","wth","Near Mint","English","","","2025-10-13 19:12:22.613000","3","False","False",""
"4","4","Alpha Authority","gtc","Near Mint","English","","","2025-10-09 19:36:53.270000","114","False","False",""
"1","1","Alpha Brawl","dka","Near Mint","English","","","2024-12-06 19:38:38.433000","82","False","False",""
"1","1","Alpharael, Dreaming Acolyte","eoe","Near Mint","English","foil","","2025-10-15 17:08:11.340000","212","False","False",""
"2","2","Alpharael, Dreaming Acolyte","eoe","Near Mint","English","","","2025-10-15 17:08:30.770000","212","False","False",""
"1","1","Alphinaud Leveilleur","fic","Near Mint","English","","","2025-10-08 04:20:12.560000","33","False","False",""
"2","2","Alpine Grizzly","ktk","Near Mint","English","","","2025-10-09 19:37:06.723000","127","False","False",""
"2","2","Alpine Meadow","khm","Near Mint","English","","","2025-10-17 02:27:44.183000","248","False","False",""
"1","1","Alpine Watchdog","m21","Near Mint","English","","","2024-12-06 22:11:00.483000","2","False","False",""
"2","2","Alquist Proft, Master Sleuth","mkm","Near Mint","English","","","2025-10-16 20:58:51.920000","185","False","False",""
"1","1","Alseid of Life's Bounty","plst","Near Mint","English","","","2024-12-14 05:01:45.897000","THB-1","False","False",""
"4","4","Altanak, the Thrice-Called","dsk","Near Mint","English","","","2025-10-09 19:37:30.677000","166","False","False",""
"1","1","Altar Golem","eve","Near Mint","English","","","2024-12-07 23:47:37.217000","166","False","False",""
"1","1","Altar of Dementia","cns","Near Mint","English","","","2025-02-09 16:38:32.930000","196","False","False",""
"1","1","Altar of the Goyf","m3c","Near Mint","English","","","2024-12-08 18:46:30.337000","282","False","False",""
"3","3","Altar's Reap","cns","Near Mint","English","","","2025-10-06 06:43:07.487000","112","False","False",""
"3","3","Altar's Reap","m14","Near Mint","English","","","2025-10-06 06:43:01.487000","84","False","False",""
"1","1","Altered Ego","fic","Near Mint","English","","","2025-10-16 15:45:01.700000","317","False","False",""
"1","1","Always Watching","soi","Near Mint","English","","","2024-12-07 01:59:32.730000","1","False","False",""
"1","1","Amateur Hero","spe","Near Mint","English","foil","","2025-10-12 01:20:14.927000","1","False","False",""
"2","2","Amazing Acrobatics","spm","Near Mint","English","foil","","2025-10-12 00:40:04.170000","25","False","False",""
"1","1","Ambassador Oak","mor","Near Mint","English","","","2025-10-09 19:38:12.790000","113","False","False",""
"2","2","Ambassador Oak","jmp","Near Mint","English","","","2025-10-09 19:38:17.280000","375","False","False",""
"4","4","Ambitious Aetherborn","kld","Near Mint","English","","","2025-10-06 06:44:44.523000","72","False","False",""
"1","1","Ambitious Farmhand // Seasoned Cathar","inr","Near Mint","English","foil","","2025-10-13 19:13:48.833000","8","False","False",""
"1","1","Ambrosia Whiteheart","fin","Near Mint","English","","","2025-10-13 19:13:55.580000","325","False","False",""
"1","1","Ambulatory Edifice","one","Near Mint","English","","","2024-12-04 20:41:28.213000","79","False","False",""
"1","1","Ambuscade Shaman","dtk","Near Mint","English","","","2024-12-04 17:26:44.870000","87","False","False",""
"1","1","Ambush Commander","plst","Near Mint","English","","","2025-10-09 19:38:27.200000","EVG-1","False","False",""
"1","1","Ambush Gigapede","otj","Near Mint","English","foil","","2025-10-06 06:45:24.310000","77","False","False",""
"2","2","Ambush Krotiq","frf","Near Mint","English","","","2025-10-09 19:39:08.937000","122","False","False",""
"1","1","Ambush Paratrooper","bro","Near Mint","English","","","2024-12-06 22:11:11.600000","3","False","False",""
"1","1","Ambush Viper","inr","Near Mint","English","foil","","2025-10-09 19:39:28.203000","186","False","False",""
"2","2","Ambush Wolf","fdn","Near Mint","English","foil","","2025-10-09 19:40:04.030000","98","False","False",""
"1","1","Ambush Wolf","fdn","Near Mint","English","","","2025-10-09 19:39:59.350000","98","False","False",""
"1","1","Amoeboid Changeling","j22","Near Mint","English","","","2024-12-08 03:15:46.600000","269","False","False",""
"1","1","Amok","sth","Near Mint","English","","","2024-12-07 23:38:20.990000","76","False","False",""
"1","1","Amonkhet Raceway","dft","Near Mint","English","foil","","2025-10-04 04:27:14.903000","424","False","False",""
"1","1","Amphin Cutthroat","m12","Near Mint","English","","","2024-12-05 01:45:07.207000","43","False","False",""
"1","1","Amphin Pathmage","m15","Near Mint","English","","","2024-11-29 19:55:12.427000","45","False","False",""
"1","1","Amulet of Kroog","5ed","Near Mint","English","","","2024-12-04 00:37:19.683000","347","False","False",""
"3","3","Amy Rose","sld","Near Mint","English","foil","","2025-10-17 02:28:35.007000","2083","False","False",""
"2","2","An Offer You Can't Refuse","fdn","Near Mint","English","foil","","2025-10-08 04:22:35.197000","311","False","False",""
"1","1","An Offer You Can't Refuse","fic","Near Mint","English","","","2025-10-08 04:22:28.233000","267","False","False",""
"1","1","An Offer You Can't Refuse","fdn","Near Mint","English","","","2025-10-08 04:22:38.940000","311","False","False",""
"1","1","An Unearthly Child","who","Near Mint","English","","","2024-12-08 17:43:22.930000","35","False","False",""
"1","1","Anafenza, the Foremost","ktk","Near Mint","English","","","2024-12-03 18:13:03.210000","163","False","False",""
"2","2","Anarchist","exo","Near Mint","English","","","2025-10-11 04:35:15.047000","79","False","False",""
"2","2","Anax and Cymede","ths","Near Mint","English","","","2025-10-17 02:28:42.827000","186","False","False",""
"1","1","Ancestors' Aid","lci","Near Mint","English","","","2025-10-11 04:35:46.660000","132","False","False",""
"1","1","Ancestral Anger","inr","Near Mint","English","","","2025-10-11 04:36:09.563000","394","False","False",""
"1","1","Ancestral Anger","inr","Near Mint","English","foil","","2025-10-11 04:36:46.947000","141","False","False",""
"1","1","Ancestral Blade","plst","Near Mint","English","","","2025-08-18 23:37:38.453000","2XM-3","False","False",""
"2","2","Ancestral Blade","j25","Near Mint","English","","","2025-10-13 19:14:39.493000","160","False","False",""
"1","1","Ancestral Knowledge","wth","Near Mint","English","","","2024-12-05 06:04:59.763000","32","False","False",""
"1","1","Ancestral Memories","mir","Near Mint","English","","","2024-12-05 18:35:06.750000","52","False","False",""
"1","1","Ancestral Reminiscence","lci","Near Mint","English","","","2025-10-08 04:26:53.130000","45","False","False",""
"2","2","Ancestral Vengeance","frf","Near Mint","English","","","2025-10-06 06:46:03.990000","61","False","False",""
"1","1","Anchor to Reality","neo","Near Mint","English","","","2024-12-05 18:35:14.830000","45","False","False",""
"1","1","Ancient Brontodon","xln","Near Mint","English","","","2024-12-05 21:48:43.940000","175","False","False",""
"1","1","Ancient Carp","dtk","Near Mint","English","","","2024-12-05 01:45:20.233000","44","False","False",""
"1","1","Ancient Crab","akh","Near Mint","English","","","2024-12-05 01:45:30.207000","40","False","False",""
"1","1","Ancient Greenwarden","otc","Near Mint","English","","","2025-10-09 19:40:42.740000","186","False","False",""
"1","1","Ancient Greenwarden","sld","Near Mint","English","foil","","2025-10-09 19:40:30.283000","2059","False","False",""
"1","1","Ancient Hellkite","m11","Near Mint","English","","","2024-11-29 18:11:35.937000","122","False","False",""
"1","1","Ancient Lumberknot","plst","Near Mint","English","","","2025-10-15 19:05:14.320000","VOW-230","False","False",""
"1","1","Ancient Silverback","m15","Near Mint","English","","","2024-12-05 21:49:03.960000","168","False","False",""
"2","2","Ancient Tomb","tmp","Near Mint","English","","","2025-10-04 04:27:45.077000","315","False","False",""
"1","1","Ancient Tomb","eos","Near Mint","English","","","2025-10-03 19:41:35.100000","46","False","False",""
"1","1","Ancient Vendetta","dft","Near Mint","English","","","2025-10-06 06:46:21.403000","75","False","False",""
"1","1","Andúril, Flame of the West","ltr","Near Mint","English","","","2025-02-09 16:16:59.043000","236","False","False",""
"1","1","Angel of Finality","fdn","Near Mint","English","foil","","2025-10-13 19:16:27.527000","136","False","False",""
"1","1","Angel of Indemnity","otc","Near Mint","English","","","2025-10-13 19:16:16.343000","45","False","False",""
"1","1","Angel of Indemnity","otc","Near Mint","English","","","2025-10-13 19:16:22.463000","9","False","False",""
"1","1","Angel of Suffering","snc","Near Mint","English","","","2025-10-06 06:46:50.807000","67","False","False",""
"1","1","Angel of the Ruins","otc","Near Mint","English","","","2025-10-13 19:17:11.377000","78","False","False",""
"1","1","Angel of the Ruins","blc","Near Mint","English","","","2025-09-23 04:30:02.820000","134","False","False",""
"3","3","Angelheart Protector","znr","Near Mint","English","","","2025-10-13 19:17:22.790000","3","False","False",""
"4","4","Angelic Accord","m14","Near Mint","English","","","2025-10-13 19:18:08.823000","3","False","False",""
"1","1","Angelic Ascension","m21","Near Mint","English","","","2024-12-07 04:09:37.687000","3","False","False",""
"4","4","Angelic Edict","gtc","Near Mint","English","","","2025-10-13 19:18:51.830000","2","False","False",""
"1","1","Angelic Edict","jmp","Near Mint","English","","","2025-10-13 19:18:56.013000","87","False","False",""
"2","2","Angelic Observer","snc","Near Mint","English","","","2025-10-13 19:19:09.353000","1","False","False",""
"1","1","Angelic Page","jmp","Near Mint","English","","","2024-12-06 22:11:37.093000","88","False","False",""
"4","4","Angelic Protector","tmp","Near Mint","English","","","2025-10-13 19:20:02.793000","2","False","False",""
"1","1","Angelic Protector","plst","Near Mint","English","","","2025-10-13 19:19:57.660000","TMP-2","False","False",""
"1","1","Angelic Purge","inr","Near Mint","English","foil","","2025-10-13 19:20:45.487000","9","False","False",""
"1","1","Angelic Purge","inr","Near Mint","English","foil","","2025-10-13 19:20:39.427000","333","False","False",""
"4","4","Angelic Renewal","wth","Near Mint","English","","","2025-10-13 19:21:02.030000","4","False","False",""
"1","1","Angelic Sell-Sword","otc","Near Mint","English","","","2025-10-13 19:21:39.927000","10","False","False",""
"1","1","Angelic Sell-Sword","otc","Near Mint","English","","","2025-10-13 19:21:35.323000","46","False","False",""
"1","1","Angelic Skirmisher","gtc","Near Mint","English","","","2025-10-13 19:22:11.260000","3","False","False",""
"3","3","Angelic Skirmisher","pgtc","Near Mint","English","foil","","2025-10-13 19:22:26.287000","A11","False","False",""
"3","3","Angelic Wall","m14","Near Mint","English","","","2025-10-13 19:23:17.140000","4","False","False",""
"1","1","Angel's Mercy","m12","Near Mint","English","","","2025-10-13 19:24:11.510000","4","False","False",""
"2","2","Angel's Mercy","m13","Near Mint","English","","","2025-10-13 19:24:17.523000","3","False","False",""
"1","1","Angel's Tomb","inr","Near Mint","English","foil","","2025-10-04 04:44:44.577000","253","False","False",""
"1","1","Angel's Trumpet","plst","Near Mint","English","","","2025-10-04 04:44:56.357000","ULG-121","False","False",""
"1","1","Anger","m3c","Near Mint","English","","","2024-12-08 18:45:03.527000","208","False","False",""
"1","1","Angrath's Marauders","otc","Near Mint","English","","","2024-12-06 04:44:07.823000","153","False","False",""
"2","2","Angry Rabble","spm","Near Mint","English","foil","","2025-10-12 01:10:00.870000","75","False","False",""
"1","1","Anim Pakal, Thousandth Moon","lci","Near Mint","English","","","2024-11-30 00:19:31.410000","300","False","False",""
"1","1","Animar, Soul of Elements","sld","Near Mint","English","foil","","2025-10-17 05:27:08.703000","1891","False","False",""
"1","1","Animate Dead","sld","Near Mint","English","foil","","2025-10-21 16:16:19.107000","2189","False","False",""
"1","1","Animist's Might","mat","Near Mint","English","","","2025-10-09 19:41:38.087000","20","False","False",""
"1","1","Animist's Might","mat","Near Mint","English","etched","","2025-10-09 19:41:43.183000","120","False","False",""
"2","2","Animist's Might","mat","Near Mint","English","","","2025-10-09 19:41:49.940000","70","False","False",""
"2","2","Animist's Might","mat","Near Mint","English","foil","","2025-10-09 19:41:54.353000","70","False","False",""
"2","2","Ankle Shanker","ktk","Near Mint","English","","","2025-10-17 05:18:44.123000","164","False","False",""
"1","1","Annex Sentry","one","Near Mint","English","","","2024-12-07 01:43:33.573000","2","False","False",""
"1","1","Annie Flash, the Veteran","otj","Near Mint","English","foil","","2025-10-17 05:52:58.543000","190","False","False",""
"1","1","Annie Flash, the Veteran","otj","Near Mint","English","","","2024-12-31 23:01:31.173000","291","False","False",""
"1","1","Annihilating Glare","one","Near Mint","English","","","2024-12-04 23:48:56.547000","80","False","False",""
"1","1","Annul","eoe","Near Mint","English","","","2025-08-18 23:37:38.453000","46","False","False",""
"4","4","Annul","khm","Near Mint","English","","","2025-10-08 04:28:36.003000","42","False","False",""
"1","1","Annul","ths","Near Mint","English","","","2025-10-08 04:28:29.277000","38","False","False",""
"7","7","Anoint","tmp","Near Mint","English","","","2025-10-13 19:25:07.663000","3","False","False",""
"1","1","Anoint with Affliction","one","Near Mint","English","","","2024-12-04 22:40:47.163000","81","False","False",""
"1","1","Anointed Chorister","m21","Near Mint","English","","","2024-12-06 22:22:54.540000","4","False","False",""
"1","1","Anointed Deacon","xln","Near Mint","English","","","2024-12-04 17:27:09.180000","89","False","False",""
"1","1","Anointer Priest","akh","Near Mint","English","","","2024-12-06 22:23:13.130000","3","False","False",""
"1","1","Another Round","otj","Near Mint","English","foil","","2025-10-13 19:25:46.607000","307","False","False",""
"1","1","Another Round","otj","Near Mint","English","foil","","2025-10-13 19:25:37.530000","1","False","False",""
"4","4","Anowon, the Ruin Sage","wwk","Near Mint","English","","","2025-10-06 06:47:59.590000","49","False","False",""
"3","3","Antagonize","snc","Near Mint","English","","","2025-10-11 04:37:48.680000","100","False","False",""
"1","1","Anthem of Champions","fdn","Near Mint","English","foil","","2025-10-17 00:21:25.470000","344","False","False",""
"1","1","Anthem of Champions","fdn","Near Mint","English","","","2025-10-17 00:22:13.990000","344","False","False",""
"2","2","Anthem of Champions","fdn","Near Mint","English","foil","","2025-10-17 00:22:36.080000","116","False","False",""
"4","4","Anthropede","dsk","Near Mint","English","","","2025-10-09 19:42:26.153000","167","False","False",""
"1","1","Anthropede","dsk","Near Mint","English","foil","","2024-12-28 03:19:25.513000","167","False","False",""
"1","1","Anticipate","dtk","Near Mint","English","","","2024-12-05 17:14:27.747000","45","False","False",""
"1","1","Anticognition","znr","Near Mint","English","","","2024-12-05 17:14:38.957000","45","False","False",""
"1","1","Anurid Barkripper","jud","Near Mint","English","","","2024-12-08 02:56:40.797000","104","False","False",""
"1","1","Anurid Scavenger","tor","Near Mint","English","","","2024-12-08 03:02:20.287000","119","False","False",""
"1","1","Anurid Swarmsnapper","jud","Near Mint","English","","","2024-12-08 02:59:44.560000","105","False","False",""
"2","2","Anzrag, the Quake-Mole","mkm","Near Mint","English","","","2025-10-16 23:04:22.813000","186","False","False",""
"4","4","Apathy","wth","Near Mint","English","","","2025-10-08 04:29:25.740000","33","False","False",""
"4","4","Aphetto Alchemist","ons","Near Mint","English","","","2025-10-08 04:31:10.553000","64","False","False",""
"2","2","Aphetto Exterminator","lgn","Near Mint","English","","","2025-10-06 06:48:28.663000","59","False","False",""
"4","4","Aphetto Grifter","ons","Near Mint","English","","","2025-10-08 04:31:45.000000","65","False","False",""
"1","1","Apocalypse","tmp","Near Mint","English","","","2025-01-31 02:39:12.430000","162","False","False",""
"1","1","Apocalypse Runner","dft","Near Mint","English","foil","","2025-10-15 21:58:14.753000","188","False","False",""
"1","1","Apostle of Invasion","one","Near Mint","English","","","2024-12-06 22:23:22.740000","3","False","False",""
"2","2","Apothecary Geist","inr","Near Mint","English","foil","","2025-10-13 19:26:25.130000","10","False","False",""
"3","3","Appendage Amalgam","dsk","Near Mint","English","","","2025-10-06 06:49:21.163000","83","False","False",""
"1","1","Appendage Amalgam","dsk","Near Mint","English","foil","","2024-12-28 03:04:04.193000","83","False","False",""
"1","1","Appetite for Brains","ddq","Near Mint","English","","","2024-12-04 23:49:08.180000","51","False","False",""
"8","8","Appetite for the Unnatural","kld","Near Mint","English","","","2025-10-09 19:43:26.640000","141","False","False",""
"1","1","Apprentice Sharpshooter","vow","Near Mint","English","foil","","2025-10-09 19:43:51.790000","185","False","False",""
"1","1","Apprentice Wizard","4ed","Near Mint","English","","","2024-12-05 01:46:21.283000","61","False","False",""
"1","1","Approach of the Second Sun","sld","Near Mint","English","foil","","2025-10-13 19:26:34.240000","1826","False","False",""
"2","2","Arabella, Abandoned Doll","dsk","Near Mint","English","","","2025-10-17 02:29:18.097000","208","False","False",""
"4","4","Arachnoform","khm","Near Mint","English","","","2025-10-09 19:44:49.270000","159","False","False",""
"1","1","Arachnogenesis","dsc","Near Mint","English","","","2024-11-30 00:01:17.460000","169","False","False",""
"1","1","Arachnus Spinner","m12","Near Mint","English","","","2024-12-05 21:49:33.090000","162","False","False",""
"5","5","Aradara Express","kld","Near Mint","English","","","2025-10-04 04:53:56.740000","195","False","False",""
"1","1","Aragorn, Company Leader","ltr","Near Mint","English","","","2024-12-17 00:14:20.360000","191","False","False",""
"1","1","Arahbo, the First Fang","fdn","Near Mint","English","","","2025-10-13 19:27:42.037000","442","False","False",""
"1","1","Arahbo, the First Fang","fdn","Near Mint","English","","","2025-10-13 19:27:30.017000","294","False","False",""
"2","2","Arahbo, the First Fang","fdn","Near Mint","English","foil","","2025-10-13 19:27:04.197000","2","False","False",""
"1","1","Araña, Heart of the Spider","spm","Near Mint","English","foil","","2025-10-12 01:49:28.517000","123","False","False",""
"3","3","Arashin Cleric","frf","Near Mint","English","","","2025-10-13 19:28:00.877000","5","False","False",""
"1","1","Arashin Sunshield","tdm","Near Mint","English","foil","","2025-10-13 19:28:29.723000","3","False","False",""
"2","2","Arashin War Beast","ugin","Near Mint","English","","","2025-10-09 19:45:10.020000","123","False","False",""
"1","1","Arbiter of Woe","fdn","Near Mint","English","foil","","2024-12-07 21:13:42.820000","55","False","False",""
"1","1","Arbiter of Woe","fdn","Near Mint","English","","","2025-10-06 06:50:29.443000","55","False","False",""
"2","2","Arbor Armament","jmp","Near Mint","English","","","2025-10-09 19:45:39.793000","376","False","False",""
"1","1","Arbor Armament","dom","Near Mint","English","","","2024-12-06 02:32:59.840000","155","False","False",""
"1","1","Arbor Elf","m13","Near Mint","English","","","2024-12-03 16:51:30.193000","160","False","False",""
"2","2","Arboretum Elemental","grn","Near Mint","English","","","2025-10-09 19:46:04.147000","122","False","False",""
"2","2","Arc Lightning","ktk","Near Mint","English","","","2025-10-11 04:38:25.847000","97","False","False",""
"2","2","Arc Spitter","snc","Near Mint","English","","","2025-10-04 05:23:23.160000","233","False","False",""
"1","1","Arcane Denial","all","Near Mint","English","","","2025-10-08 04:32:38.730000","22a","False","False",""
"1","1","Arcane Denial","all","Near Mint","English","","","2025-10-08 04:32:20.383000","22b","False","False",""
"1","1","Arcane Epiphany","fdn","Near Mint","English","foil","","2024-12-07 19:16:32.757000","29","False","False",""
"1","1","Arcane Infusion","mid","Near Mint","English","foil","","2024-12-21 22:45:10.243000","210","False","False",""
"1","1","Arcane Sanctum","fic","Near Mint","English","","","2025-10-17 04:55:07.100000","373","False","False",""
"1","1","Arcane Signet","scd","Near Mint","English","","","2025-10-04 06:08:15.660000","257","False","False",""
"1","1","Arcane Signet","moc","Near Mint","English","","","2025-10-04 06:08:38.197000","348","False","False",""
"1","1","Arcane Signet","fic","Near Mint","English","","","2025-10-04 05:27:16.637000","335","False","False",""
"1","1","Arcane Signet","fic","Near Mint","English","","","2025-10-04 05:27:23.430000","333","False","False",""
"1","1","Arcane Signet","fic","Near Mint","English","","","2025-10-04 05:27:30.493000","334","False","False",""
"1","1","Arcane Signet","plst","Near Mint","English","","","2025-10-04 06:09:51.040000","MKC-223","False","False",""
"1","1","Arcane Signet","dsc","Near Mint","English","","","2025-10-04 05:25:47.517000","92","False","False",""
"1","1","Arcane Signet","blc","Near Mint","English","","","2025-10-04 06:10:03.340000","127","False","False",""
"1","1","Arcane Signet","m3c","Near Mint","English","","","2025-10-04 06:09:06.480000","283","False","False",""
"2","2","Arcane Signet","otc","Near Mint","English","","","2025-10-04 06:19:29.357000","252","False","False",""
"1","1","Arcane Signet","who","Near Mint","English","","","2025-10-04 06:08:50.647000","239","False","False",""
"1","1","Arcanis the Omnipotent","plst","Near Mint","English","","","2025-10-08 04:33:17.510000","DDN-42","False","False",""
"1","1","Arcanis the Omnipotent","10e","Near Mint","English","","","2025-10-08 04:33:59.457000","66","False","False",""
"1","1","Arcanist's Owl","eld","Near Mint","English","","","2024-12-04 06:10:33.873000","206","False","False",""
"1","1","Arcbound Fiend","dst","Near Mint","English","","","2024-12-07 23:51:13.383000","96","False","False",""
"1","1","Arcbound Hybrid","dst","Near Mint","English","","","2024-12-07 23:50:20.130000","97","False","False",""
"1","1","Arcbound Lancer","dst","Near Mint","English","","","2024-12-07 23:53:49.440000","98","False","False",""
"1","1","Arcbound Overseer","dst","Near Mint","English","","","2024-12-07 23:53:14.437000","99","False","False",""
"1","1","Arcbound Slasher","mh2","Near Mint","English","","","2024-12-07 23:58:56.903000","111","False","False",""
"1","1","Arcbound Stinger","dst","Near Mint","English","","","2024-12-08 00:03:58.587000","103","False","False",""
"1","1","Arcbound Tracker","mh2","Near Mint","English","","","2024-12-07 23:51:24.093000","112","False","False",""
"1","1","Arcbound Whelp","mh2","Near Mint","English","","","2024-12-07 23:56:21.530000","113","False","False",""
"1","1","Arcbound Worker","dst","Near Mint","English","","","2024-12-07 23:54:10.200000","104","False","False",""
"1","1","Arch of Orazca","rix","Near Mint","English","","","2024-12-03 18:39:53.280000","185","False","False",""
"1","1","Archaeomancer","m14","Near Mint","English","","","2024-12-03 05:23:25.153000","43","False","False",""
"1","1","Archaeomancer's Map","fic","Near Mint","English","","","2025-10-13 19:29:03.287000","230","False","False",""
"1","1","Archangel Avacyn // Avacyn, the Purifier","inr","Near Mint","English","foil","","2025-10-17 02:30:08.577000","449","False","False",""
"1","1","Archangel Avacyn // Avacyn, the Purifier","inr","Near Mint","English","foil","","2025-10-17 02:30:15.317000","11","False","False",""
"1","1","Archangel's Light","dka","Near Mint","English","","","2024-12-07 05:18:28.083000","1","False","False",""
"3","3","Archers' Parapet","ktk","Near Mint","English","","","2025-10-15 19:07:00.160000","128","False","False",""
"3","3","Archetype of Aggression","bng","Near Mint","English","","","2025-10-11 04:40:02.030000","88","False","False",""
"7","7","Archetype of Courage","bng","Near Mint","English","","","2025-10-13 19:29:31.720000","4","False","False",""
"2","2","Archetype of Endurance","bng","Near Mint","English","","","2025-10-09 19:46:37.177000","116","False","False",""
"3","3","Archetype of Finality","bng","Near Mint","English","","","2025-10-06 06:51:21.757000","58","False","False",""
"2","2","Archetype of Imagination","bng","Near Mint","English","","","2025-10-08 04:34:47.553000","32","False","False",""
"5","5","Archfiend of Ifnir","akh","Near Mint","English","","","2025-10-06 06:52:31.707000","78","False","False",""
"1","1","Archfiend of Spite","c19","Near Mint","English","","","2024-12-04 17:28:04.793000","14","False","False",""
"1","1","Archfiend of the Dross","one","Near Mint","English","","","2025-10-06 06:53:40.193000","82","False","False",""
"1","1","Archfiend of the Dross","one","Near Mint","English","","","2025-10-06 06:53:28.590000","304","False","False",""
"1","1","Archfiend's Vessel","m21","Near Mint","English","","","2024-12-04 17:28:41.360000","88","False","False",""
"1","1","Archghoul of Thraben","inr","Near Mint","English","","","2025-10-06 06:54:04.577000","370","False","False",""
"3","3","Archmage Ascension","zen","Near Mint","English","","","2025-10-08 04:35:02.403000","42","False","False",""
"1","1","Archmage Emeritus","fic","Near Mint","English","","","2025-10-08 04:36:50.163000","261","False","False",""
"1","1","Archmage of Runes","fdn","Near Mint","English","foil","","2024-12-07 19:52:31.280000","304","False","False",""
"1","1","Archmage of Runes","fdn","Near Mint","English","foil","","2025-10-08 04:37:50.990000","30","False","False",""
"1","1","Archmage of Runes","fdn","Near Mint","English","","","2025-10-08 04:37:39.673000","304","False","False",""
"1","1","Archmage's Charm","otp","Near Mint","English","foil","","2024-12-31 23:07:05.210000","8","False","False",""
"1","1","Archon of Cruelty","m3c","Near Mint","English","","","2025-10-06 06:54:21.220000","197","False","False",""
"1","1","Archon of Emeria","znr","Near Mint","English","","","2024-11-29 18:43:13.350000","4","False","False",""
"1","1","Archpriest of Iona","znr","Near Mint","English","","","2024-12-06 22:23:53.580000","5","False","False",""
"4","4","Archwing Dragon","avr","Near Mint","English","","","2025-10-11 04:40:16.087000","126","False","False",""
"3","3","Arctic Foxes","ice","Near Mint","English","","","2025-10-13 19:29:55.823000","2","False","False",""
"6","6","Arctic Treeline","khm","Near Mint","English","","","2025-10-17 00:23:18.097000","249","False","False",""
"2","2","Arctic Wolves","wth","Near Mint","English","","","2025-10-09 19:46:58.197000","118","False","False",""
"1","1","Arcum's Sleigh","ice","Near Mint","English","","","2024-12-04 00:37:37.063000","309","False","False",""
"1","1","Arcum's Weathervane","ice","Near Mint","English","","","2024-12-04 00:37:54.520000","310","False","False",""
"1","1","Ardbert, Warrior of Darkness","fic","Near Mint","English","","","2025-10-15 23:45:41.463000","77","False","False",""
"2","2","Ardent Electromancer","znr","Near Mint","English","","","2025-10-11 04:40:46.157000","135","False","False",""
"1","1","Ardent Electromancer","znr","Near Mint","English","foil","","2024-12-06 04:44:38.237000","135","False","False",""
"5","5","Ardent Militia","wth","Near Mint","English","","","2025-10-13 19:30:19.100000","5","False","False",""
"1","1","Ardenvale Paladin","eld","Near Mint","English","","","2024-12-06 22:24:58.717000","4","False","False",""
"1","1","Arena","phpr","Near Mint","English","","","2025-10-04 06:24:57.853000","1","False","False",""
"2","2","Arena Athlete","j25","Near Mint","English","","","2025-10-11 04:41:21.023000","518","False","False",""
"2","2","Arenson's Aura","ice","Near Mint","English","","","2025-10-16 20:59:29.033000","3","False","False",""
"1","1","Argentum Armor","gn3","Near Mint","English","","","2024-12-08 03:00:50.020000","113","False","False",""
"1","1","Argentum Masticore","one","Near Mint","English","","","2024-12-03 19:08:13.847000","222","False","False",""
"1","1","Argivian Find","wth","Near Mint","English","","","2024-12-07 04:10:46.460000","6","False","False",""
"1","1","Argothian Elder","plst","Near Mint","English","","","2025-10-09 19:47:27.797000","USG-233","False","False",""
"1","1","Arid Archway","otj","Near Mint","English","foil","","2025-10-04 06:26:51.143000","252","False","False",""
"1","1","Arlinn, the Pack's Hope // Arlinn, the Moon's Fury","mid","Near Mint","English","","","2024-12-21 22:45:10.243000","279","False","False",""
"3","3","Armament of Nyx","jou","Near Mint","English","","","2025-10-13 19:31:19.043000","4","False","False",""
"2","2","Armasaur Guide","fdn","Near Mint","English","","","2025-10-13 19:31:40.917000","3","False","False",""
"2","2","Armed // Dangerous","dgm","Near Mint","English","","","2025-10-16 23:05:30.053000","122","False","False",""
"1","1","Armguard Familiar","neo","Near Mint","English","","","2024-12-05 05:48:20.853000","46","False","False",""
"1","1","Armor of Faith","ice","Near Mint","English","","","2024-12-07 02:35:48.133000","4","False","False",""
"3","3","Armor of Thorns","mir","Near Mint","English","","","2025-10-09 19:47:48.547000","206","False","False",""
"4","4","Armor Sliver","tmp","Near Mint","English","","","2025-10-13 19:32:39.893000","4","False","False",""
"1","1","Armorcraft Judge","jmp","Near Mint","English","","","2025-10-09 19:48:25.690000","377","False","False",""
"3","3","Armorcraft Judge","kld","Near Mint","English","","","2025-10-09 19:48:19.333000","144","False","False",""
"1","1","Armored Armadillo","otj","Near Mint","English","foil","","2025-10-13 19:32:52.750000","3","False","False",""
"1","1","Armored Cancrix","m14","Near Mint","English","","","2024-12-05 01:46:34.387000","44","False","False",""
"1","1","Armored Kincaller","j25","Near Mint","English","","","2024-12-07 18:15:05.560000","630","False","False",""
"7","7","Armored Pegasus","tmp","Near Mint","English","","","2025-10-13 19:33:16.907000","5","False","False",""
"1","1","Armored Pegasus","por","Near Mint","English","","","2024-12-06 22:27:33.447000","6","False","False",""
"1","1","Armored Scrapgorger","one","Near Mint","English","","","2024-12-05 21:53:00.303000","158","False","False",""
"6","6","Armored Transport","gtc","Near Mint","English","","","2025-10-04 06:29:02.373000","226","False","False",""
"1","1","Armored Transport","gtc","Near Mint","English","foil","","2024-12-03 19:09:06.173000","226","False","False",""
"1","1","Armored Warhorse","m12","Near Mint","English","","","2024-12-06 22:28:04.750000","7","False","False",""
"2","2","Armored Wolf-Rider","dgm","Near Mint","English","","","2025-10-17 00:23:41.487000","52","False","False",""
"2","2","Armorer Guildmage","mir","Near Mint","English","","","2025-10-17 05:03:01.810000","156","False","False",""
"1","1","Armory Automaton","fic","Near Mint","English","","","2025-10-04 06:31:08.930000","336","False","False",""
"1","1","Armory of Iroas","jou","Near Mint","English","","","2025-10-04 06:32:46.907000","158","False","False",""
"1","1","Armory of Iroas","cmr","Near Mint","English","","","2024-12-04 01:44:02.500000","299","False","False",""
"1","1","Army Ants","vis","Near Mint","English","","","2024-12-04 04:36:16.573000","126","False","False",""
"1","1","Army of the Damned","c13","Near Mint","English","","","2024-12-04 23:49:25.663000","69","False","False",""
"1","1","Arni Brokenbrow","khm","Near Mint","English","","","2025-10-11 04:42:07.467000","120","False","False",""
"1","1","Arni Metalbrow","mat","Near Mint","English","foil","","2025-10-11 04:43:38.443000","16","False","False",""
"1","1","Arni Metalbrow","mat","Near Mint","English","foil","","2024-12-14 01:40:53.757000","200","False","False",""
"1","1","Arni Metalbrow","mat","Near Mint","English","etched","","2025-10-11 04:43:56.863000","116","False","False",""
"1","1","Arni Metalbrow","mat","Near Mint","English","foil","","2025-10-11 04:43:51.257000","66","False","False",""
"2","2","Arni Slays the Troll","khm","Near Mint","English","","","2025-10-16 23:06:27.287000","201","False","False",""
"2","2","Arnjlot's Ascent","ice","Near Mint","English","","","2025-10-08 04:39:46.500000","57","False","False",""
"4","4","Arrow Storm","ktk","Near Mint","English","","","2025-10-11 04:44:26.223000","98","False","False",""
"5","5","Arrows of Justice","gtc","Near Mint","English","","","2025-10-17 02:30:58.800000","211","False","False",""
"1","1","Arterial Flow","rix","Near Mint","English","","","2024-11-29 20:16:05.957000","62","False","False",""
"3","3","Artful Maneuver","dtk","Near Mint","English","","","2025-10-13 19:33:51.357000","4","False","False",""
"1","1","Artful Takedown","grn","Near Mint","English","","","2024-12-04 07:31:35.980000","151","False","False",""
"1","1","Arthur, Marigold Knight","blc","Near Mint","English","foil","","2025-09-23 04:30:02.820000","5","False","False",""
"3","3","Artificer's Assistant","dom","Near Mint","English","","","2025-10-08 04:40:01.297000","44","False","False",""
"2","2","Artificer's Hex","m14","Near Mint","English","","","2025-10-06 06:55:54.500000","85","False","False",""
"4","4","Artisan of Forms","ths","Near Mint","English","","","2025-10-08 04:40:36.327000","40","False","False",""
"1","1","Arwen Undómiel","ltr","Near Mint","English","","","2024-12-17 06:56:01.753000","194","False","False",""
"1","1","Arwen Undómiel","ltr","Near Mint","English","foil","","2024-12-17 06:14:57.407000","194","False","False",""
"1","1","Arwen's Gift","ltr","Near Mint","English","","","2024-12-17 06:27:42.630000","39","False","False",""
"1","1","Asari Captain","neo","Near Mint","English","","","2024-12-04 03:16:33.757000","327","False","False",""
"2","2","Ascendant Evincar","nem","Near Mint","English","","","2025-10-06 06:56:34.117000","51","False","False",""
"2","2","Ascendant Spirit","khm","Near Mint","English","","","2025-10-08 04:41:37.573000","43","False","False",""
"3","3","Ascended Lawmage","dgm","Near Mint","English","","","2025-10-16 20:59:49.960000","53","False","False",""
"2","2","Ascent of the Worthy","khm","Near Mint","English","","","2025-10-15 23:45:59.000000","202","False","False",""
"3","3","Ash Barrens","fic","Near Mint","English","","","2025-10-04 06:33:06.663000","374","False","False",""
"1","1","Ash Barrens","dsc","Near Mint","English","","","2024-12-03 18:40:14.007000","260","False","False",""
"1","1","Ash Barrens","who","Near Mint","English","","","2025-10-04 06:35:06.033000","257","False","False",""
"1","1","Ashaya, Soul of the Wild","sld","Near Mint","English","foil","","2025-10-09 19:48:47.180000","2014","False","False",""
"2","2","Ashe, Princess of Dalmasca","fin","Near Mint","English","","","2025-10-13 19:34:15.480000","7","False","False",""
"1","1","Ashen Rider","ths","Near Mint","English","","","2024-12-04 02:30:33.427000","187","False","False",""
"1","1","Ashiok's Adept","bng","Near Mint","English","","","2024-12-04 17:28:55.703000","59","False","False",""
"1","1","Ashling, the Extinguisher","eve","Near Mint","English","","","2024-11-29 20:12:53.433000","33","False","False",""
"1","1","Ashmouth Hound","jmp","Near Mint","English","","","2024-12-06 04:44:59.250000","290","False","False",""
"1","1","Ashnod's Altar","chr","Near Mint","English","","","2025-10-04 06:36:27.030000","92","False","False",""
"2","2","Ashnod's Intervention","bro","Near Mint","English","","","2025-10-06 06:57:37.420000","85","False","False",""
"1","1","Ashroot Animist","fdn","Near Mint","English","","","2025-10-16 23:07:55.910000","117","False","False",""
"1","1","Ashroot Animist","fdn","Near Mint","English","foil","","2024-12-07 22:04:03.537000","478","False","False",""
"2","2","Ashroot Animist","fdn","Near Mint","English","foil","","2025-10-16 23:07:18.990000","117","False","False",""
"1","1","Asmira, Holy Avenger","mir","Near Mint","English","","","2024-12-04 16:19:24.143000","256","False","False",""
"5","5","Aspect of Hydra","bng","Near Mint","English","","","2025-10-09 19:48:59.827000","117","False","False",""
"12","12","Asphyxiate","bng","Near Mint","English","","","2025-10-06 06:58:32.073000","60","False","False",""
"1","1","Aspirant's Ascent","one","Near Mint","English","","","2024-12-05 17:16:38.400000","40","False","False",""
"1","1","Assassinate","cns","Near Mint","English","","","2024-12-04 23:50:00.880000","113","False","False",""
"1","1","Assassin's Strike","jmp","Near Mint","English","","","2024-12-04 23:50:19.467000","200","False","False",""
"1","1","Assassin's Trophy","grn","Near Mint","English","","","2024-12-04 04:18:06.323000","152","False","False",""
"1","1","Assassin's Trophy","mkm","Near Mint","English","","","2025-10-15 19:06:05.477000","187","False","False",""
"1","1","Assault Griffin","gtc","Near Mint","English","foil","","2024-12-06 22:28:26.197000","4","False","False",""
"8","8","Assault Griffin","gtc","Near Mint","English","","","2025-10-13 19:34:43.270000","4","False","False",""
"1","1","Assault Griffin","m12","Near Mint","English","","","2025-10-13 19:34:47.137000","8","False","False",""
"1","1","Assault Suit","c14","Near Mint","English","","","2024-12-07 23:53:26.280000","53","False","False",""
"1","1","Assemble the Players","mkm","Near Mint","English","","","2025-10-13 19:35:23.750000","3","False","False",""
"1","1","Assemble the Rank and Vile","cn2","Near Mint","English","","","2025-10-06 06:59:03.813000","2","False","False",""
"1","1","Astral Cornucopia","bng","Near Mint","English","","","2024-12-03 16:35:09.573000","157","False","False",""
"2","2","Astrologian's Planisphere","fin","Near Mint","English","","","2025-10-08 04:43:11.170000","46","False","False",""
"1","1","Asylum Visitor","inr","Near Mint","English","","","2025-10-06 06:59:58.857000","371","False","False",""
"1","1","Asylum Visitor","inr","Near Mint","English","","","2025-10-06 06:59:48.720000","96","False","False",""
"1","1","At Knifepoint","otj","Near Mint","English","","","2024-12-03 00:34:11.783000","193","False","False",""
"1","1","Atarka Efreet","dtk","Near Mint","English","","","2024-12-06 04:45:11.777000","128","False","False",""
"1","1","Atarka Monument","scd","Near Mint","English","","","2024-11-29 18:01:14.737000","258","False","False",""
"1","1","Atarka, World Render","scd","Near Mint","English","etched","","2024-11-29 17:57:06.020000","1","False","False",""
"1","1","Atla Palani, Nest Tender","c19","Near Mint","English","foil","","2024-12-03 18:16:19.650000","38","False","False",""
"1","1","Atmosphere Surgeon","one","Near Mint","English","","","2024-12-05 01:47:26.847000","41","False","False",""
"1","1","Atomic Microsizer","eoe","Near Mint","English","foil","","2025-10-08 04:43:53.107000","47","False","False",""
"1","1","Atraxa, Grand Unifier","one","Near Mint","English","","","2025-10-17 06:04:19.943000","316","False","False",""
"1","1","Atraxa's Skitterfang","one","Near Mint","English","","","2024-12-03 19:09:42.317000","223","False","False",""
"1","1","Atsushi, the Blazing Sky","neo","Near Mint","English","","","2025-01-29 05:44:41.903000","410","False","False",""
"1","1","Attack-in-the-Box","dsk","Near Mint","English","foil","","2024-12-28 03:27:16.157000","242","False","False",""
"1","1","Attack-in-the-Box","dsk","Near Mint","English","","","2025-10-04 06:36:57.967000","242","False","False",""
"1","1","Attempted Murder","unf","Near Mint","English","","","2025-10-19 05:32:25.590000","66","False","False",""
"1","1","Attended Healer","znr","Near Mint","English","","","2024-12-06 22:28:46.460000","6","False","False",""
"1","1","Attended Knight","m13","Near Mint","English","","","2024-12-06 22:28:56.197000","5","False","False",""
"3","3","Attended Socialite","snc","Near Mint","English","","","2025-10-09 19:49:18.743000","133","False","False",""
"1","1","Attentive Sunscribe","lci","Near Mint","English","","","2025-10-13 19:35:54.403000","4","False","False",""
"1","1","Attune with Aether","kld","Near Mint","English","","","2024-12-06 03:25:46.977000","145","False","False",""
"2","2","Audacious Infiltrator","aer","Near Mint","English","","","2025-10-13 19:36:06.710000","7","False","False",""
"1","1","Audacious Reshapers","brc","Near Mint","English","","","2024-12-07 23:49:23.850000","112","False","False",""
"2","2","Augmenting Automaton","aer","Near Mint","English","","","2025-10-06 07:00:43.017000","143","False","False",""
"1","1","Augur of Autumn","plst","Near Mint","English","","","2024-12-14 05:02:06.657000","MID-168","False","False",""
"4","4","Augury Raven","khm","Near Mint","English","","","2025-10-08 04:44:28.363000","44","False","False",""
"2","2","Aura of Silence","wth","Near Mint","English","","","2025-10-13 19:36:55.047000","7","False","False",""
"2","2","Auramancer","m14","Near Mint","English","","","2025-10-13 19:37:12.010000","6","False","False",""
"1","1","Auratog","tmp","Near Mint","English","","","2024-12-06 22:29:43.797000","6","False","False",""
"1","1","Aurelia, the Law Above","mkm","Near Mint","English","","","2025-10-17 02:31:32.113000","188","False","False",""
"1","1","Auriok Champion","plst","Near Mint","English","","","2025-10-13 19:37:27.773000","IMA-9","False","False",""
"5","5","Aurochs","ice","Near Mint","English","","","2025-10-09 19:50:13.973000","225","False","False",""
"1","1","Aurochs","5ed","Near Mint","English","","","2025-10-09 19:50:35.930000","279","False","False",""
"1","1","Auron, Venerated Guardian","fic","Near Mint","English","","","2025-10-13 19:37:47.483000","10","False","False",""
"1","1","Auron, Venerated Guardian","fic","Near Mint","English","","","2025-10-13 19:37:41.393000","130","False","False",""
"1","1","Auron's Inspiration","fin","Near Mint","English","foil","","2025-10-13 19:38:22.350000","8","False","False",""
"1","1","Auron's Inspiration","fin","Near Mint","English","","","2025-10-13 19:38:16.633000","8","False","False",""
"1","1","Auspicious Arrival","mkm","Near Mint","English","","","2025-10-13 19:38:54.717000","288","False","False",""
"4","4","Auspicious Arrival","mkm","Near Mint","English","","","2025-10-13 19:38:48.893000","5","False","False",""
"1","1","Austere Command","plst","Near Mint","English","","","2024-12-14 05:09:37.517000","MKC-56","False","False",""
"1","1","Austere Command","fic","Near Mint","English","","","2025-10-13 19:39:14.597000","231","False","False",""
"1","1","Authority of the Consuls","kld","Near Mint","English","","","2025-01-31 04:15:06.037000","5","False","False",""
"1","1","Authority of the Consuls","fic","Near Mint","English","","","2025-10-13 19:39:45.743000","232","False","False",""
"1","1","Autumn's Veil","m12","Near Mint","English","","","2024-12-06 02:33:31.740000","164","False","False",""
"3","3","Auxiliary Boosters","eoe","Near Mint","English","","","2025-10-13 19:41:17.827000","5","False","False",""
"1","1","Avacyn, Angel of Hope","inr","Near Mint","English","","","2025-01-28 02:14:38.660000","482","False","False",""
"1","1","Avacynian Priest","inr","Near Mint","English","","","2025-10-13 19:40:56.323000","334","False","False",""
"1","1","Avacynian Priest","inr","Near Mint","English","foil","","2025-10-13 19:40:46.453000","12","False","False",""
"2","2","Avacyn's Pilgrim","pf25","Near Mint","English","foil","","2025-10-09 19:53:12.923000","1F","False","False",""
"2","2","Avacyn's Pilgrim","pf25","Near Mint","English","foil","","2025-10-06 05:20:57.753000","1F","False","False",""
"1","1","Avalanche","ice","Near Mint","English","","","2024-12-06 19:39:54.700000","171","False","False",""
"2","2","Avalanche Caller","khm","Near Mint","English","","","2025-10-08 04:44:41.457000","45","False","False",""
"1","1","Avalanche of Sector 7","fic","Near Mint","English","","","2025-10-11 04:45:36.820000","53","False","False",""
"1","1","Avalanche Riders","ulg","Near Mint","English","","","2024-12-06 04:45:22.810000","74","False","False",""
"1","1","Avalanche Tusker","ktk","Near Mint","English","","","2024-12-03 18:27:07.613000","166","False","False",""
"7","7","Aven Envoy","lgn","Near Mint","English","","","2025-10-08 04:45:22.117000","30","False","False",""
"1","1","Aven Heartstabber","snc","Near Mint","English","","","2024-11-23 17:14:57.253000","166","False","False",""
"3","3","Aven Redeemer","lgn","Near Mint","English","","","2025-10-13 19:42:30.090000","3","False","False",""
"1","1","Aven Reedstalker","hou","Near Mint","English","foil","","2024-12-05 01:48:36.027000","30","False","False",""
"1","1","Aven Reedstalker","hou","Near Mint","English","","","2025-10-08 04:45:45.380000","30","False","False",""
"2","2","Aven Sentry","dom","Near Mint","English","","","2025-10-13 19:42:44.320000","3","False","False",""
"1","1","Aven Skirmisher","frf","Near Mint","English","","","2024-12-06 22:33:26.097000","6","False","False",""
"1","1","Aven Squire","m13","Near Mint","English","","","2024-12-06 22:33:35.990000","6","False","False",""
"1","1","Aven Surveyor","frf","Near Mint","English","","","2024-12-05 01:48:47.360000","31","False","False",""
"2","2","Aven Warhawk","lgn","Near Mint","English","","","2025-10-13 19:43:02.460000","4","False","False",""
"1","1","Avenger of the Fallen","tdm","Near Mint","English","","","2025-10-06 07:02:14.077000","337","False","False",""
"1","1","Avenger of Zendikar","otc","Near Mint","English","","","2025-10-09 19:50:56.443000","187","False","False",""
"2","2","Avenging Angel","tmp","Near Mint","English","","","2025-10-13 19:43:19.627000","7","False","False",""
"1","1","Avenging Druid","exo","Near Mint","English","","","2024-12-05 21:53:27.603000","105","False","False",""
"1","1","Avian Changeling","lrw","Near Mint","English","","","2024-12-06 22:34:05.237000","4","False","False",""
"4","4","Aviary Mechanic","kld","Near Mint","English","","","2025-10-13 19:43:58.953000","6","False","False",""
"1","1","Avishkar Raceway","dft","Near Mint","English","","","2025-10-04 06:37:35.317000","249","False","False",""
"1","1","Avishkar Raceway","dft","Near Mint","English","foil","","2025-10-04 06:38:37.367000","249","False","False",""
"1","1","Avishkar Raceway","dft","Near Mint","English","foil","","2025-10-04 06:37:56.433000","425","False","False",""
"2","2","Awaken the Ancient","m14","Near Mint","English","","","2025-10-11 04:46:36.883000","126","False","False",""
"2","2","Awaken the Bear","ktk","Near Mint","English","","","2025-10-09 19:51:20.923000","129","False","False",""
"1","1","Awaken the Sleeper","one","Near Mint","English","","","2024-12-06 19:40:08.200000","119","False","False",""
"1","1","Awakened Amalgam","rix","Near Mint","English","","","2024-12-03 19:10:17.303000","175","False","False",""
"1","1","Awakening","sth","Near Mint","English","","","2025-10-09 19:51:41.133000","101","False","False",""
"4","4","Awe for the Guilds","dgm","Near Mint","English","","","2025-10-11 04:47:38.527000","31","False","False",""
"3","3","Axebane Ferox","mkm","Near Mint","English","foil","","2025-10-09 19:54:07.123000","428","False","False",""
"1","1","Axebane Guardian","rtr","Near Mint","English","","","2024-12-05 21:53:38.067000","115","False","False",""
"1","1","Axgard Armory","khm","Near Mint","English","","","2024-11-30 00:30:34.837000","250","False","False",""
"4","4","Axgard Braggart","khm","Near Mint","English","","","2025-10-19 02:52:59.160000","1","False","False",""
"4","4","Axgard Cavalry","khm","Near Mint","English","","","2025-10-11 04:48:07.000000","121","False","False",""
"2","2","Axiom Engraver","one","Near Mint","English","","","2025-10-11 04:48:21.697000","120","False","False",""
"1","1","Ayara, First of Locthwain","eld","Near Mint","English","","","2025-10-06 07:02:52.590000","75","False","False",""
"1","1","Ayara's Oathsworn","mat","Near Mint","English","","","2025-10-06 07:03:38.247000","157","False","False",""
"1","1","Ayara's Oathsworn","mat","Near Mint","English","","","2025-10-06 07:03:43.117000","61","False","False",""
"1","1","Ayara's Oathsworn","mat","Near Mint","English","foil","","2024-12-14 00:36:42.297000","157","False","False",""
"1","1","Ayli, Eternal Pilgrim","ogw","Near Mint","English","","","2024-12-04 02:14:56.293000","151","False","False",""
"1","1","Aysen Bureaucrats","5ed","Near Mint","English","","","2024-12-06 22:34:29.350000","9","False","False",""
"1","1","Azami, Lady of Scrolls","chk","Near Mint","English","","","2024-12-03 05:06:01.437000","52","False","False",""
"2","2","Azimaet Drake","mir","Near Mint","English","","","2025-10-08 04:46:34.580000","53","False","False",""
"1","1","Azorius Arrester","rtr","Near Mint","English","","","2024-12-06 22:34:43.847000","5","False","False",""
"4","4","Azorius Cluestone","dgm","Near Mint","English","","","2025-10-16 21:00:23.903000","136","False","False",""
"3","3","Azorius Guildgate","dgm","Near Mint","English","","","2025-10-16 21:01:43.973000","146","False","False",""
"1","1","Azorius Guildgate","plst","Near Mint","English","","","2024-12-14 05:17:23.440000","RNA-243","False","False",""
"1","1","Azorius Signet","blc","Near Mint","English","","","2025-09-23 04:30:02.820000","265","False","False",""
"1","1","Azure Beastbinder","blb","Near Mint","English","","","2024-12-16 19:53:49.953000","302","False","False",""
"1","1","Azure Drake","chr","Near Mint","English","","","2024-12-05 02:00:00.783000","15","False","False",""
"1","1","Azure Mage","m12","Near Mint","English","","","2024-12-05 02:00:11.640000","45","False","False",""
"1","1","Azusa, Lost but Seeking","fca","Near Mint","English","","","2025-10-09 19:54:45.053000","15","False","False",""
"1","1","Azusa's Many Journeys // Likeness of the Seeker","neo","Near Mint","English","","","2024-12-06 01:48:20.210000","172","False","False",""
"1","1","Back for More","iko","Near Mint","English","","","2025-10-15 19:07:54.383000","177","False","False",""
"1","1","Back for More","otp","Near Mint","English","","","2024-12-31 23:02:10.870000","36","False","False",""
"1","1","Back in Town","otc","Near Mint","English","","","2025-10-06 07:04:26.300000","18","False","False",""
"1","1","Back in Town","otc","Near Mint","English","","","2025-10-06 07:04:19.053000","54","False","False",""
"1","1","Backstreet Bruiser","snc","Near Mint","English","foil","","2024-11-23 20:31:52.150000","35","False","False",""
"3","3","Backstreet Bruiser","snc","Near Mint","English","","","2025-10-08 04:50:25.100000","35","False","False",""
"5","5","Backup Agent","snc","Near Mint","English","","","2025-10-13 20:00:22.413000","2","False","False",""
"1","1","Bad River","mir","Near Mint","English","","","2024-12-04 06:59:43.830000","324","False","False",""
"1","1","Baeloth Barrityl, Entertainer","clb","Near Mint","English","foil","","2025-10-11 04:48:57.153000","655","False","False",""
"1","1","Bag End Porter","ltr","Near Mint","English","","","2024-12-16 23:53:56.457000","153","False","False",""
"1","1","Bag End Porter","ltr","Near Mint","English","foil","","2024-12-17 07:03:08.660000","153","False","False",""
"1","1","Baird, Steward of Argive","dom","Near Mint","English","","","2024-11-29 18:34:53.467000","4","False","False",""
"1","1","Baithook Angler // Hook-Haunt Drifter","mid","Near Mint","English","foil","","2024-12-21 22:45:10.243000","42","False","False",""
"1","1","Baithook Angler // Hook-Haunt Drifter","mid","Near Mint","English","","","2025-10-08 04:50:52.400000","42","False","False",""
"1","1","Bake into a Pie","fdn","Near Mint","English","","","2025-10-06 16:36:15.513000","169","False","False",""
"1","1","Bake into a Pie","fdn","Near Mint","English","foil","","2024-12-07 20:35:32.720000","169","False","False",""
"1","1","Bake into a Pie","eld","Near Mint","English","","","2025-10-06 07:05:05.010000","76","False","False",""
"2","2","Bakersbane Duo","blb","Near Mint","English","foil","","2025-10-09 21:02:13.230000","163","False","False",""
"2","2","Bala Ged Recovery // Bala Ged Sanctuary","znr","Near Mint","English","","","2025-10-09 21:03:06.827000","180","False","False",""
"1","1","Balamb Garden, SeeD Academy // Balamb Garden, Airborne","fin","Near Mint","English","","","2025-10-16 15:46:05.443000","272","False","False",""
"3","3","Balamb T-Rexaur","fin","Near Mint","English","","","2025-10-09 21:03:55.520000","173","False","False",""
"2","2","Balamb T-Rexaur","fin","Near Mint","English","foil","","2025-10-09 21:03:44.667000","173","False","False",""
"1","1","Baldur's Gate","plst","Near Mint","English","","","2024-12-14 05:17:42.410000","CLB-345","False","False",""
"3","3","Balduvian Barbarians","ice","Near Mint","English","","","2025-10-11 04:49:38.403000","172","False","False",""
"3","3","Balduvian Bears","ice","Near Mint","English","","","2025-10-09 21:04:10.223000","226","False","False",""
"3","3","Balduvian Conjurer","ice","Near Mint","English","","","2025-10-08 04:51:08.543000","58","False","False",""
"1","1","Balduvian Dead","all","Near Mint","English","","","2024-12-04 04:36:32.147000","43","False","False",""
"1","1","Balduvian Hydra","ice","Near Mint","English","","","2024-12-06 04:46:12.930000","173","False","False",""
"2","2","Balduvian Shaman","ice","Near Mint","English","","","2025-10-08 04:51:30.097000","59","False","False",""
"1","1","Balduvian War-Makers","all","Near Mint","English","","","2024-12-06 04:46:25.683000","66b","False","False",""
"1","1","Balefire Dragon","isd","Near Mint","English","","","2025-10-11 04:50:01.777000","129","False","False",""
"1","1","Baleful Ammit","akh","Near Mint","English","","","2024-11-29 17:46:56.563000","79","False","False",""
"1","1","Baleful Eidolon","ths","Near Mint","English","","","2024-12-04 20:36:38.383000","78","False","False",""
"1","1","Baleful Strix","blc","Near Mint","English","foil","","2025-01-31 05:16:04.053000","86","False","False",""
"1","1","Baleful Strix","fic","Near Mint","English","","","2025-10-15 17:09:45.853000","318","False","False",""
"1","1","Balemurk Leech","dsk","Near Mint","English","foil","","2025-10-06 16:38:08.537000","84","False","False",""
"4","4","Balemurk Leech","dsk","Near Mint","English","","","2025-10-06 16:37:44.797000","84","False","False",""
"1","1","Ball Lightning","mb2","Near Mint","English","","","2025-10-11 04:50:15.527000","130","False","False",""
"1","1","Ballista Charger","kld","Near Mint","English","","","2024-12-04 02:04:49.127000","196","False","False",""
"2","2","Ballroom Brawlers","snc","Near Mint","English","","","2025-10-13 20:04:13.710000","3","False","False",""
"1","1","Ballynock Trapper","eve","Near Mint","English","","","2024-12-06 22:35:05.410000","2","False","False",""
"1","1","Ballyrush Banneret","mor","Near Mint","English","","","2024-12-06 22:35:16.700000","1","False","False",""
"1","1","Balmor, Battlemage Captain","fdn","Near Mint","English","","","2025-10-16 17:44:37.067000","237","False","False",""
"2","2","Baloth Gorger","dom","Near Mint","English","","","2025-10-09 21:04:31.920000","156","False","False",""
"1","1","Baloth Null","ogw","Near Mint","English","","","2024-12-04 04:04:18.377000","152","False","False",""
"1","1","Baloth Prime","eoc","Near Mint","English","","","2025-10-09 21:04:53.640000","33","False","False",""
"1","1","Baloth Pup","ogw","Near Mint","English","","","2024-12-05 21:54:08.993000","127","False","False",""
"1","1","Baloth Woodcrasher","j25","Near Mint","English","","","2024-12-07 18:15:22.390000","633","False","False",""
"1","1","Balthor the Defiled","jud","Near Mint","English","","","2025-01-28 04:54:04.027000","61","False","False",""
"6","6","Balustrade Spy","gtc","Near Mint","English","","","2025-10-06 16:40:35.253000","57","False","False",""
"1","1","Balustrade Wurm","dsk","Near Mint","English","","","2024-12-05 21:55:56.123000","319","False","False",""
"9","9","Bandage","sth","Near Mint","English","","","2025-10-13 20:05:05.230000","1","False","False",""
"1","1","Bandit's Haul","otj","Near Mint","English","","","2024-12-04 00:38:08.910000","240","False","False",""
"2","2","Bandit's Talent","blb","Near Mint","English","foil","","2025-10-06 16:40:09.727000","83","False","False",""
"7","7","Bane Alley Blackguard","dgm","Near Mint","English","","","2025-10-06 16:42:07.973000","21","False","False",""
"4","4","Bane Alley Broker","gtc","Near Mint","English","","","2025-10-15 17:10:38.277000","145","False","False",""
"1","1","Bane of Progress","fic","Near Mint","English","","","2025-10-09 21:05:59.143000","299","False","False",""
"1","1","Baneblade Scoundrel // Baneclaw Marauder","mid","Near Mint","English","","","2024-12-21 22:45:10.243000","289","False","False",""
"1","1","Baneslayer Angel","m21","Near Mint","English","","","2024-12-06 22:36:55.860000","6","False","False",""
"2","2","Banewhip Punisher","hou","Near Mint","English","","","2025-10-06 16:42:34.800000","59","False","False",""
"1","1","Banish from Edoras","ltr","Near Mint","English","","","2024-12-16 22:51:57.920000","1","False","False",""
"1","1","Banish to Another Universe","who","Near Mint","English","","","2024-12-08 18:02:09.407000","13","False","False",""
"1","1","Banisher Priest","plst","Near Mint","English","","","2025-10-13 20:05:36.490000","M14-7","False","False",""
"2","2","Banishing Light","eoe","Near Mint","English","foil","","2025-10-13 20:07:42.613000","6","False","False",""
"1","1","Banishing Light","fdn","Near Mint","English","","","2025-10-13 20:08:29.240000","138","False","False",""
"1","1","Banishing Light","j25","Near Mint","English","","","2025-10-13 20:07:55.983000","96","False","False",""
"3","3","Banishing Light","blb","Near Mint","English","foil","","2025-10-13 20:08:10.180000","1","False","False",""
"1","1","Banishing Light","jou","Near Mint","English","","","2025-10-13 20:08:33.457000","5","False","False",""
"2","2","Banishing Light","fdn","Near Mint","English","foil","","2025-10-13 20:07:32.890000","138","False","False",""
"1","1","Banishing Light","eoe","Near Mint","English","","","2025-10-13 20:08:24.557000","6","False","False",""
"1","1","Banner of Kinship","fdn","Near Mint","English","foil","","2025-10-04 06:43:54.533000","484","False","False",""
"1","1","Banner of Kinship","fdn","Near Mint","English","foil","","2025-02-09 16:39:57.523000","352","False","False",""
"1","1","Banner of Kinship","fdn","Near Mint","English","","","2025-10-04 06:44:26.297000","352","False","False",""
"1","1","Barad-dûr","ltr","Near Mint","English","","","2024-12-16 23:21:25.810000","253","False","False",""
"1","1","Baral, Chief of Compliance","sld","Near Mint","English","foil","","2025-10-21 16:07:08.590000","2168","False","False",""
"1","1","Barbara Wright","who","Near Mint","English","","","2024-12-08 17:39:59.007000","14","False","False",""
"3","3","Barbarian Guides","ice","Near Mint","English","","","2025-10-11 04:50:47.810000","174","False","False",""
"1","1","Barbed Batterfist","one","Near Mint","English","foil","","2024-12-06 16:41:37.117000","121","False","False",""
"1","1","Barbed Batterfist","one","Near Mint","English","","","2025-10-11 04:52:05.973000","121","False","False",""
"2","2","Barbed Sextant","5ed","Near Mint","English","","","2025-10-04 06:45:01.937000","351","False","False",""
"2","2","Barbed Sextant","ice","Near Mint","English","","","2025-10-04 06:45:08.103000","312","False","False",""
"1","1","Barbed Shocker","tsp","Near Mint","English","","","2024-12-06 04:46:58.743000","144","False","False",""
"1","1","Barbed Sliver","tmp","Near Mint","English","","","2024-12-06 04:47:06.820000","163","False","False",""
"1","1","Barbed Spike","plst","Near Mint","English","","","2025-08-18 23:37:38.453000","MH2-5","False","False",""
"1","1","Barbed-Back Wurm","mir","Near Mint","English","","","2025-10-06 16:43:19.530000","105","False","False",""
"2","2","Barbflare Gremlin","dsc","Near Mint","English","","","2025-10-11 04:53:01.920000","55","False","False",""
"1","1","Bard's Bow","fin","Near Mint","English","foil","","2025-10-09 21:06:39.660000","174","False","False",""
"3","3","Bard's Bow","fin","Near Mint","English","","","2025-10-09 21:06:31.647000","174","False","False",""
"1","1","Barishi","wth","Near Mint","English","","","2024-12-05 21:56:03.123000","119","False","False",""
"2","2","Barkform Harvester","blb","Near Mint","English","foil","","2025-10-04 06:47:56.327000","243","False","False",""
"1","1","Bark-Knuckle Boxer","blb","Near Mint","English","foil","","2024-12-16 20:22:56.757000","164","False","False",""
"1","1","Barktooth Warbeard","sld","Near Mint","English","foil","","2025-10-15 22:00:20.917000","1931","False","False",""
"1","1","Barkweave Crusher","dmu","Near Mint","English","","","2025-10-09 21:07:39.293000","154","False","False",""
"2","2","Baron, Airship Kingdom","fin","Near Mint","English","","","2025-10-16 17:44:58.307000","273","False","False",""
"2","2","Barony Vampire","m11","Near Mint","English","","","2025-10-06 16:43:50.780000","82","False","False",""
"2","2","Barrage of Boulders","ktk","Near Mint","English","","","2025-10-11 04:53:32.257000","100","False","False",""
"1","1","Barrage of Expendables","m14","Near Mint","English","","","2025-10-11 04:54:15.010000","127","False","False",""
"1","1","Barrage of Expendables","jmp","Near Mint","English","","","2024-12-06 16:45:20.107000","292","False","False",""
"1","1","Barrage Ogre","j22","Near Mint","English","","","2024-12-06 04:47:26.427000","496","False","False",""
"1","1","Barren Moor","dsc","Near Mint","English","","","2024-12-05 01:29:46.403000","262","False","False",""
"1","1","Barrensteppe Siege","tdm","Near Mint","English","","","2025-10-15 23:46:59.337000","384","False","False",""
"2","2","Barret Wallace","fin","Near Mint","English","","","2025-10-11 04:54:36.600000","129","False","False",""
"1","1","Barret, Avalanche Leader","fic","Near Mint","English","","","2025-10-16 23:12:12.347000","79","False","False",""
"2","2","Barricade Breaker","aer","Near Mint","English","","","2025-10-04 06:48:17.567000","144","False","False",""
"4","4","Barrow Ghoul","wth","Near Mint","English","","","2025-10-06 16:44:57.570000","61","False","False",""
"1","1","Barrow-Blade","ltr","Near Mint","English","","","2024-12-17 00:20:20.557000","237","False","False",""
"1","1","Barrowgoyf","m3c","Near Mint","English","","","2024-12-08 18:34:33.207000","102","False","False",""
"1","1","Barter in Blood","ddq","Near Mint","English","","","2024-11-29 19:46:31.220000","52","False","False",""
"2","2","Bartizan Bats","grn","Near Mint","English","","","2025-10-06 16:46:17.947000","62","False","False",""
"1","1","Bartz and Boko","fin","Near Mint","English","foil","","2025-10-09 21:08:14.320000","175","False","False",""
"1","1","Baru, Fist of Krosa","fut","Near Mint","English","","","2024-12-03 16:35:31.290000","142","False","False",""
"1","1","Basalt Ravager","khm","Near Mint","English","","","2024-12-06 04:47:44.583000","122","False","False",""
"1","1","Basandra, Battle Seraph","cns","Near Mint","English","","","2024-12-04 03:04:10.867000","184","False","False",""
"2","2","Base Camp","znr","Near Mint","English","","","2025-10-04 06:57:26.450000","257","False","False",""
"2","2","Baseball Bat","dsk","Near Mint","English","","","2025-10-17 00:24:16.020000","209","False","False",""
"1","1","Bashful Beastie","dsk","Near Mint","English","foil","","2024-12-05 21:56:25.077000","169","False","False",""
"4","4","Bashful Beastie","dsk","Near Mint","English","","","2025-10-09 21:09:06.853000","169","False","False",""
"4","4","Basilica Guards","gtc","Near Mint","English","","","2025-10-13 20:09:31.410000","5","False","False",""
"4","4","Basilica Screecher","gtc","Near Mint","English","","","2025-10-06 16:46:49.410000","58","False","False",""
"1","1","Basilica Shepherd","one","Near Mint","English","","","2025-10-13 20:10:13.040000","4","False","False",""
"1","1","Basilica Shepherd","one","Near Mint","English","foil","","2024-12-06 22:37:23.297000","4","False","False",""
"1","1","Basilica Skullbomb","one","Near Mint","English","","","2025-10-13 20:10:27.487000","224","False","False",""
"1","1","Basilica Skullbomb","one","Near Mint","English","foil","","2024-12-07 01:48:00.990000","224","False","False",""
"1","1","Basilica Stalker","mkm","Near Mint","English","foil","","2025-10-06 16:47:10.247000","78","False","False",""
"1","1","Basilisk Gate","mb2","Near Mint","English","","","2025-08-18 23:37:38.453000","104","False","False",""
"1","1","Basri Ket","m21","Near Mint","English","","","2024-11-30 00:42:57.430000","7","False","False",""
"1","1","Basri, Tomorrow's Champion","dft","Near Mint","English","","","2025-10-13 20:11:15.950000","355","False","False",""
"2","2","Basri's Acolyte","m21","Near Mint","English","","","2025-10-13 20:11:37.517000","8","False","False",""
"1","1","Basri's Lieutenant","m21","Near Mint","English","","","2024-12-06 22:37:52.830000","9","False","False",""
"3","3","Basri's Solidarity","m21","Near Mint","English","","","2025-10-13 20:12:51.620000","10","False","False",""
"6","6","Bastion Enforcer","aer","Near Mint","English","","","2025-10-13 20:13:09.327000","8","False","False",""
"5","5","Bastion Inventor","aer","Near Mint","English","","","2025-10-08 04:52:17.297000","30","False","False",""
"1","1","Bastion Mastodon","kld","Near Mint","English","","","2024-12-07 01:43:51.063000","197","False","False",""
"1","1","Bastion of Remembrance","fic","Near Mint","English","","","2025-10-06 16:47:30.550000","274","False","False",""
"1","1","Bastion Protector","fic","Near Mint","English","","","2025-10-13 20:13:42.683000","233","False","False",""
"2","2","Bathe in Dragonfire","frf","Near Mint","English","","","2025-10-11 04:55:43.167000","92","False","False",""
"3","3","Battering Krasis","dgm","Near Mint","English","","","2025-10-09 21:09:34.543000","41","False","False",""
"1","1","Battering Ram","5ed","Near Mint","English","","","2024-12-03 19:10:58.217000","353","False","False",""
"2","2","Battershield Warrior","khm","Near Mint","English","","","2025-10-13 20:14:29.860000","2","False","False",""
"1","1","Battery Bearer","bro","Near Mint","English","","","2024-12-04 06:27:58.173000","207","False","False",""
"1","1","Battle Brawler","frf","Near Mint","English","","","2024-12-04 17:32:35.553000","63","False","False",""
"1","1","Battle Cry","ice","Near Mint","English","","","2024-12-07 04:11:47.680000","5","False","False",""
"2","2","Battle for Bretagard","khm","Near Mint","English","","","2025-10-17 00:24:33.947000","203","False","False",""
"4","4","Battle Frenzy","ice","Near Mint","English","","","2025-10-11 04:56:16.653000","175","False","False",""
"1","1","Battle Mammoth","khm","Near Mint","English","","","2024-12-05 21:56:49.530000","298","False","False",""
"1","1","Battle Mastery","m15","Near Mint","English","","","2024-12-07 02:36:12.700000","4","False","False",""
"1","1","Battle Menu","fin","Near Mint","English","","","2025-10-13 20:15:54.493000","9","False","False",""
"1","1","Battlefield Forge","otc","Near Mint","English","","","2024-11-30 00:28:48.543000","271","False","False",""
"1","1","Battlefield Forge","blc","Near Mint","English","","","2025-10-17 02:33:02.517000","293","False","False",""
"1","1","Battlefield Forge","fic","Near Mint","English","","","2025-10-17 02:33:09.893000","375","False","False",""
"3","3","Battlefield Raptor","khm","Near Mint","English","","","2025-10-13 20:16:19.760000","3","False","False",""
"1","1","Battlefield Thaumaturge","jou","Near Mint","English","","","2024-12-05 02:01:05.123000","31","False","False",""
"2","2","Battleflight Eagle","m13","Near Mint","English","","","2025-10-13 20:16:46.623000","7","False","False",""
"1","1","Battlefront Krushok","frf","Near Mint","English","","","2024-12-07 23:33:37.377000","125","False","False",""
"1","1","Battleground Geist","inr","Near Mint","English","foil","","2025-10-08 04:52:48.773000","53","False","False",""
"1","1","Battle-Rattle Shaman","m21","Near Mint","English","","","2024-12-06 04:47:56.657000","130","False","False",""
"1","1","Battle-Scarred Goblin","ltr","Near Mint","English","","","2024-12-17 06:27:00.003000","115","False","False",""
"1","1","Battlewise Valor","ths","Near Mint","English","","","2024-12-07 04:11:57.900000","1","False","False",""
"5","5","Bay Falcon","mir","Near Mint","English","","","2025-10-08 04:53:17.733000","54","False","False",""
"1","1","Baylen, the Haymaker","blb","Near Mint","English","foil","","2025-10-17 05:53:54.060000","205","False","False",""
"1","1","Baylen, the Haymaker","blb","Near Mint","English","foil","","2025-01-28 03:44:36.997000","345","False","False",""
"7","7","Bayou Dragonfly","tmp","Near Mint","English","","","2025-10-09 21:10:10.087000","215","False","False",""
"2","2","Beamsaw Prospector","eoe","Near Mint","English","","","2025-10-06 16:48:06.723000","89","False","False",""
"2","2","Beamsaw Prospector","eoe","Near Mint","English","foil","","2025-10-06 16:48:48.010000","89","False","False",""
"2","2","Beamsplitter Mage","grn","Near Mint","English","","","2025-10-16 17:45:26.137000","155","False","False",""
"1","1","Bear Trap","dsk","Near Mint","English","foil","","2025-10-04 07:00:05.090000","243","False","False",""
"4","4","Bear Trap","dsk","Near Mint","English","","","2025-10-04 07:00:13.827000","243","False","False",""
"1","1","Bearer of Glory","tdm","Near Mint","English","foil","","2025-10-13 20:19:10.217000","4","False","False",""
